<?xml version="1.0" encoding="UTF-8"?>
<!DOCTYPE html PUBLIC "-//W3C//DTD XHTML 1.0 Transitional//EN"
    "http://www.w3.org/TR/xhtml1/DTD/xhtml1-transitional.dtd">
<html xmlns="http://www.w3.org/1999/xhtml" xml:lang="en" lang="en">
 <head>
  <title>
</title>
<meta http-equiv="Content-Type" content="text/html;charset=utf-8" />
  <meta name='ocr-system' content='tesseract 3.04.00' />
  <meta name='ocr-capabilities' content='ocr_page ocr_carea ocr_par ocr_line ocrx_word'/>
</head>
<body>
  <div class='ocr_page' id='page_1' title='image "./homericarminacu02graegoog_0077.png"; bbox 0 0 2834 4900; ppageno 0'>
   <div class='ocr_carea' id='block_1_1' title="bbox 11 0 274 27">
    <p class='ocr_par' dir='ltr' id='par_1_1' title="bbox 11 0 274 27">
     <span class='ocr_line' id='line_1_1' title="bbox 11 0 274 27; baseline 0 0"><span class='ocrx_word' id='word_1_1' title='bbox 11 0 233 27; x_wconf 68' lang='grc' dir='ltr'><strong>“’““-ἱ“Π“</strong></span> <span class='ocrx_word' id='word_1_2' title='bbox 253 0 274 27; x_wconf 75' lang='grc' dir='ltr'><strong>’ἶ</strong></span> 
     </span>
    </p>
   </div>
   <div class='ocr_carea' id='block_1_2' title="bbox 286 214 2420 545">
    <p class='ocr_par' dir='ltr' id='par_1_2' title="bbox 286 214 2420 545">
     <span class='ocr_line' id='line_1_2' title="bbox 400 214 2417 327; baseline 0.002 -4"><span class='ocrx_word' id='word_1_3' title='bbox 400 243 579 323; x_wconf 78' lang='grc' dir='ltr'><strong>ΕΤ</strong></span> <span class='ocrx_word' id='word_1_4' title='bbox 642 214 1329 321; x_wconf 76' lang='lat' dir='ltr'><strong>cL&#39;OSSAnns</strong></span> <span class='ocrx_word' id='word_1_5' title='bbox 1387 244 1510 318; x_wconf 83' lang='lat' dir='ltr'><strong>IN</strong></span> <span class='ocrx_word' id='word_1_6' title='bbox 1555 244 2417 327; x_wconf 70' lang='lat' dir='ltr'><strong>Homssnvm.1.m1</strong></span> 
     </span>
     <span class='ocr_line' id='line_1_3' title="bbox 286 386 2420 545; baseline 0.002 -31"><span class='ocrx_word' id='word_1_7' title='bbox 286 386 545 531; x_wconf 72' lang='lat' dir='ltr'><strong>naeo,</strong></span> <span class='ocrx_word' id='word_1_8' title='bbox 631 432 1045 524; x_wconf 82' lang='lat' dir='ltr'><strong>Strabone,</strong></span> <span class='ocrx_word' id='word_1_9' title='bbox 1116 430 1508 534; x_wconf 83' lang='lat' dir='ltr'><strong>Stephano</strong></span> <span class='ocrx_word' id='word_1_10' title='bbox 1555 436 1728 529; x_wconf 80' lang='lat' dir='ltr'><strong>Byz.</strong></span> <span class='ocrx_word' id='word_1_11' title='bbox 1785 406 2057 513; x_wconf 40' lang='lat' dir='ltr'><strong>”Habet</strong></span> <span class='ocrx_word' id='word_1_12' title='bbox 2097 452 2420 545; x_wconf 76' lang='lat' dir='ltr'><strong>quoque</strong></span> 
     </span>
    </p>
   </div>
   <div class='ocr_carea' id='block_1_3' title="bbox 222 550 2415 655">
    <p class='ocr_par' dir='ltr' id='par_1_3' title="bbox 222 550 2415 655">
     <span class='ocr_line' id='line_1_4' title="bbox 222 550 2415 655; baseline 0 -21"><span class='ocrx_word' id='word_1_13' title='bbox 222 648 225 655; x_wconf 23' lang='lat'><strong>⁴</strong></span> <span class='ocrx_word' id='word_1_14' title='bbox 282 557 691 633; x_wconf 84' lang='lat' dir='ltr'><strong>nonnulla</strong></span> <span class='ocrx_word' id='word_1_15' title='bbox 742 553 1159 654; x_wconf 77' lang='lat' dir='ltr'><strong>Porphyrii.</strong></span> <span class='ocrx_word' id='word_1_16' title='bbox 1261 550 1606 630; x_wconf 76' lang='lat' dir='ltr'><strong>versatus</strong></span> <span class='ocrx_word' id='word_1_17' title='bbox 1679 555 1899 632; x_wconf 75' lang='lat' dir='ltr'><strong>valde</strong></span> <span class='ocrx_word' id='word_1_18' title='bbox 1957 559 2101 632; x_wconf 77' lang='lat' dir='ltr'><strong>fuit</strong></span> <span class='ocrx_word' id='word_1_19' title='bbox 2169 567 2250 636; x_wconf 85' lang='lat' dir='ltr'><strong>in</strong></span> <span class='ocrx_word' id='word_1_20' title='bbox 2305 563 2415 644; x_wconf 77' lang='lat' dir='ltr'><strong>le-</strong></span> 
     </span>
    </p>
   </div>
   <div class='ocr_carea' id='block_1_4' title="bbox 271 670 2409 1645">
    <p class='ocr_par' dir='ltr' id='par_1_4' title="bbox 274 670 2409 1128">
     <span class='ocr_line' id='line_1_5' title="bbox 280 670 2409 781; baseline 0.002 -26"><span class='ocrx_word' id='word_1_21' title='bbox 280 684 576 755; x_wconf 81' lang='lat' dir='ltr'>ctione</span> <span class='ocrx_word' id='word_1_22' title='bbox 636 679 1173 776; x_wconf 79' lang='lat' dir='ltr'><strong>Tragicorum,</strong></span> <span class='ocrx_word' id='word_1_23' title='bbox 1247 670 1752 774; x_wconf 74' lang='lat' dir='ltr'>Aristophanis</span> <span class='ocrx_word' id='word_1_24' title='bbox 1773 731 1794 769; x_wconf 89' lang='lat'>,</span> <span class='ocrx_word' id='word_1_25' title='bbox 1869 680 2409 781; x_wconf 78' lang='lat' dir='ltr'><strong>Lycophronis,</strong></span> 
     </span>
     <span class='ocr_line' id='line_1_6' title="bbox 274 791 2404 898; baseline 0.003 -24"><span class='ocrx_word' id='word_1_26' title='bbox 274 798 659 890; x_wconf 77' lang='lat' dir='ltr'><strong>Pindari,</strong></span> <span class='ocrx_word' id='word_1_27' title='bbox 708 795 1139 886; x_wconf 81' lang='lat' dir='ltr'><strong>Theocriti,</strong></span> <span class='ocrx_word' id='word_1_28' title='bbox 1187 791 1534 884; x_wconf 84' lang='lat' dir='ltr'><strong>Hefiodi,</strong></span> <span class='ocrx_word' id='word_1_29' title='bbox 1586 796 2005 888; x_wconf 88' lang='lat' dir='ltr'><strong>Herodoti,</strong></span> <span class='ocrx_word' id='word_1_30' title='bbox 2047 801 2404 898; x_wconf 78' lang='lat' dir='ltr'><strong>Platonis,</strong></span> 
     </span>
     <span class='ocr_line' id='line_1_7' title="bbox 278 912 2405 1016; baseline 0.002 -23"><span class='ocrx_word' id='word_1_31' title='bbox 278 946 489 995; x_wconf 81' lang='lat' dir='ltr'><strong>nam</strong></span> <span class='ocrx_word' id='word_1_32' title='bbox 558 944 654 994; x_wconf 87' lang='lat' dir='ltr'><strong>ex</strong></span> <span class='ocrx_word' id='word_1_33' title='bbox 698 916 814 991; x_wconf 81' lang='lat' dir='ltr'><strong>his</strong></span> <span class='ocrx_word' id='word_1_34' title='bbox 857 916 1158 991; x_wconf 77' lang='lat' dir='ltr'><strong>videtur</strong></span> <span class='ocrx_word' id='word_1_35' title='bbox 1207 914 1447 989; x_wconf 83' lang='lat' dir='ltr'><strong>multa</strong></span> <span class='ocrx_word' id='word_1_36' title='bbox 1482 912 1611 991; x_wconf 75' lang='lat' dir='ltr'><strong>sua</strong></span> <span class='ocrx_word' id='word_1_37' title='bbox 1678 942 1776 993; x_wconf 77' lang='lat' dir='ltr'><strong>ex</strong></span> <span class='ocrx_word' id='word_1_38' title='bbox 1832 916 2192 1016; x_wconf 83' lang='lat' dir='ltr'><strong>lectione,</strong></span> <span class='ocrx_word' id='word_1_39' title='bbox 2243 950 2405 1013; x_wconf 73' lang='lat' dir='ltr'><strong>non</strong></span> 
     </span>
     <span class='ocr_line' id='line_1_8' title="bbox 282 1033 1351 1128; baseline -0.005 -12"><span class='ocrx_word' id='word_1_40' title='bbox 282 1040 638 1116; x_wconf 74' lang='lat' dir='ltr'><strong>aliorum</strong></span> <span class='ocrx_word' id='word_1_41' title='bbox 688 1043 1004 1128; x_wconf 82' lang='lat' dir='ltr'><strong>notatis,</strong></span> <span class='ocrx_word' id='word_1_42' title='bbox 1060 1033 1351 1111; x_wconf 83' lang='lat' dir='ltr'><strong>afferre.</strong></span> 
     </span>
    </p>

    <p class='ocr_par' dir='ltr' id='par_1_5' title="bbox 271 1172 2406 1645">
     <span class='ocr_line' id='line_1_9' title="bbox 500 1172 2404 1275; baseline 0.004 -25"><span class='ocrx_word' id='word_1_43' title='bbox 500 1180 649 1250; x_wconf 89' lang='lat' dir='ltr'><strong>His</strong></span> <span class='ocrx_word' id='word_1_44' title='bbox 698 1178 900 1249; x_wconf 89' lang='lat' dir='ltr'><strong>inter</strong></span> <span class='ocrx_word' id='word_1_45' title='bbox 949 1173 1020 1248; x_wconf 82' lang='lat' dir='ltr'><strong>se</strong></span> <span class='ocrx_word' id='word_1_46' title='bbox 1084 1177 1531 1275; x_wconf 81' lang='lat' dir='ltr'><strong>comparatis</strong></span> <span class='ocrx_word' id='word_1_47' title='bbox 1575 1172 2048 1275; x_wconf 82' lang='lat' dir='ltr'>intelligitur,</span> <span class='ocrx_word' id='word_1_48' title='bbox 2098 1179 2404 1258; x_wconf 81' lang='lat' dir='ltr'><strong>Scholia</strong></span> 
     </span>
     <span class='ocr_line' id='line_1_10' title="bbox 278 1292 2406 1400; baseline 0.004 -30"><span class='ocrx_word' id='word_1_49' title='bbox 278 1301 744 1400; x_wconf 76' lang='lat' dir='ltr'><strong>antiquiora</strong></span> <span class='ocrx_word' id='word_1_50' title='bbox 786 1298 1030 1370; x_wconf 85' lang='lat' dir='ltr'><strong>critici</strong></span> <span class='ocrx_word' id='word_1_51' title='bbox 1077 1299 1369 1396; x_wconf 81' lang='lat' dir='ltr'><strong>generis</strong></span> <span class='ocrx_word' id='word_1_52' title='bbox 1418 1292 1712 1368; x_wconf 84' lang='lat' dir='ltr'><strong>mature</strong></span> <span class='ocrx_word' id='word_1_53' title='bbox 1754 1292 1905 1369; x_wconf 82' lang='lat' dir='ltr'><strong>esse</strong></span> <span class='ocrx_word' id='word_1_54' title='bbox 1961 1298 2259 1394; x_wconf 86' lang='lat' dir='ltr'><strong>relicta,</strong></span> <span class='ocrx_word' id='word_1_55' title='bbox 2323 1323 2406 1378; x_wconf 89' lang='lat' dir='ltr'><strong>et</strong></span> 
     </span>
     <span class='ocr_line' id='line_1_11' title="bbox 273 1411 2404 1513; baseline 0.001 -21"><span class='ocrx_word' id='word_1_56' title='bbox 273 1418 682 1493; x_wconf 83' lang='lat' dir='ltr'><strong>lectorum</strong></span> <span class='ocrx_word' id='word_1_57' title='bbox 721 1411 1045 1488; x_wconf 86' lang='lat' dir='ltr'><strong>studium</strong></span> <span class='ocrx_word' id='word_1_58' title='bbox 1089 1412 1454 1489; x_wconf 82' lang='lat' dir='ltr'><strong>transiiffe</strong></span> <span class='ocrx_word' id='word_1_59' title='bbox 1506 1412 1602 1486; x_wconf 86' lang='lat' dir='ltr'><strong>ad</strong></span> <span class='ocrx_word' id='word_1_60' title='bbox 1648 1412 1836 1487; x_wconf 85' lang='lat' dir='ltr'><strong>illud</strong></span> <span class='ocrx_word' id='word_1_61' title='bbox 1869 1415 2228 1513; x_wconf 87' lang='lat' dir='ltr'><strong>alterum,</strong></span> <span class='ocrx_word' id='word_1_62' title='bbox 2267 1421 2404 1498; x_wconf 90' lang='lat' dir='ltr'><strong>do-</strong></span> 
     </span>
     <span class='ocr_line' id='line_1_12' title="bbox 271 1520 2402 1645; baseline 0.002 -34"><span class='ocrx_word' id='word_1_63' title='bbox 271 1565 434 1614; x_wconf 85' lang='lat' dir='ltr'><strong>nec</strong></span> <span class='ocrx_word' id='word_1_64' title='bbox 486 1533 960 1639; x_wconf 80' lang='lat' dir='ltr'><strong>sequioribus</strong></span> <span class='ocrx_word' id='word_1_65' title='bbox 1003 1532 1314 1611; x_wconf 81' lang='lat' dir='ltr'><strong>saeculis</strong></span> <span class='ocrx_word' id='word_1_66' title='bbox 1356 1534 1457 1609; x_wconf 86' lang='lat' dir='ltr'><strong>ad</strong></span> <span class='ocrx_word' id='word_1_67' title='bbox 1509 1559 1598 1608; x_wconf 89' lang='lat' dir='ltr'><strong>ea</strong></span> <span class='ocrx_word' id='word_1_68' title='bbox 1662 1533 2136 1634; x_wconf 83' lang='lat' dir='ltr'><strong>deflecteret,</strong></span> <span class='ocrx_word' id='word_1_69' title='bbox 2199 1520 2402 1645; x_wconf 47' lang='lat' dir='ltr'><strong>’quae</strong></span> 
     </span>
    </p>
   </div>
   <div class='ocr_carea' id='block_1_5' title="bbox 128 1650 2401 1760">
    <p class='ocr_par' dir='ltr' id='par_1_6' title="bbox 128 1650 2401 1760">
     <span class='ocr_line' id='line_1_13' title="bbox 128 1650 2401 1760; baseline 0.008 -36"><span class='ocrx_word' id='word_1_70' title='bbox 128 1672 137 1689; x_wconf 84' lang='lat'><em>·</em></span> <span class='ocrx_word' id='word_1_71' title='bbox 274 1664 366 1733; x_wconf 84' lang='lat' dir='ltr'><strong>in</strong></span> <span class='ocrx_word' id='word_1_72' title='bbox 408 1656 701 1760; x_wconf 85' lang='lat' dir='ltr'><strong>puerili</strong></span> <span class='ocrx_word' id='word_1_73' title='bbox 743 1651 1207 1730; x_wconf 87' lang='lat' dir='ltr'><strong>institutione</strong></span> <span class='ocrx_word' id='word_1_74' title='bbox 1258 1655 1460 1730; x_wconf 81' lang='lat' dir='ltr'><strong>vtilia</strong></span> <span class='ocrx_word' id='word_1_75' title='bbox 1520 1650 1667 1729; x_wconf 82' lang='lat' dir='ltr'><strong>effe</strong></span> <span class='ocrx_word' id='word_1_76' title='bbox 1728 1675 2121 1757; x_wconf 86' lang='lat' dir='ltr'><strong>poterant,</strong></span> <span class='ocrx_word' id='word_1_77' title='bbox 2189 1682 2401 1741; x_wconf 84' lang='lat' dir='ltr'><strong>mera</strong></span> 
     </span>
    </p>
   </div>
   <div class='ocr_carea' id='block_1_6' title="bbox 270 1777 2399 2006">
    <p class='ocr_par' dir='ltr' id='par_1_7' title="bbox 270 1777 2399 2006">
     <span class='ocr_line' id='line_1_14' title="bbox 276 1777 2399 1880; baseline 0.003 -26"><span class='ocrx_word' id='word_1_78' title='bbox 276 1782 837 1880; x_wconf 77' lang='lat' dir='ltr'><strong>grammaticae</strong></span> <span class='ocrx_word' id='word_1_79' title='bbox 895 1777 1291 1853; x_wconf 86' lang='lat' dir='ltr'><strong>technicae</strong></span> <span class='ocrx_word' id='word_1_80' title='bbox 1349 1795 1778 1879; x_wconf 86' lang='lat' dir='ltr'><strong>praecepta.</strong></span> <span class='ocrx_word' id='word_1_81' title='bbox 1883 1782 1970 1852; x_wconf 87' lang='lat' dir='ltr'><strong>In</strong></span> <span class='ocrx_word' id='word_1_82' title='bbox 2011 1783 2265 1858; x_wconf 83' lang='lat' dir='ltr'><strong>medio</strong></span> <span class='ocrx_word' id='word_1_83' title='bbox 2309 1787 2399 1860; x_wconf 88' lang='lat' dir='ltr'><strong>il-</strong></span> 
     </span>
     <span class='ocr_line' id='line_1_15' title="bbox 270 1897 2399 2006; baseline -0 -32"><span class='ocrx_word' id='word_1_84' title='bbox 270 1899 363 1974; x_wconf 87' lang='lat' dir='ltr'><strong>lo</strong></span> <span class='ocrx_word' id='word_1_85' title='bbox 407 1897 950 1973; x_wconf 84' lang='lat' dir='ltr'><strong>studio·multa</strong></span> <span class='ocrx_word' id='word_1_86' title='bbox 984 1898 1315 1998; x_wconf 71' lang='lat' dir='ltr'><strong>vulgaria</strong></span> <span class='ocrx_word' id='word_1_87' title='bbox 1368 1916 1817 1997; x_wconf 85' lang='lat' dir='ltr'><strong>repetuntur</strong></span> <span class='ocrx_word' id='word_1_88' title='bbox 1870 1902 1952 1972; x_wconf 86' lang='lat' dir='ltr'><strong>in</strong></span> <span class='ocrx_word' id='word_1_89' title='bbox 2009 1903 2399 2006; x_wconf 63' lang='lat' dir='ltr'><strong>plerisque</strong></span> 
     </span>
    </p>
   </div>
   <div class='ocr_carea' id='block_1_7' title="bbox 214 2017 2395 2121">
    <p class='ocr_par' dir='ltr' id='par_1_8' title="bbox 214 2017 2395 2121">
     <span class='ocr_line' id='line_1_16' title="bbox 214 2017 2395 2121; baseline 0.003 -27"><span class='ocrx_word' id='word_1_90' title='bbox 214 2110 223 2121; x_wconf 75' lang='lat'>,</span> <span class='ocrx_word' id='word_1_91' title='bbox 271 2019 696 2109; x_wconf 82' lang='lat' dir='ltr'><strong>omnibus,</strong></span> <span class='ocrx_word' id='word_1_92' title='bbox 743 2017 1090 2091; x_wconf 85' lang='lat' dir='ltr'><strong>doctiora</strong></span> <span class='ocrx_word' id='word_1_93' title='bbox 1128 2042 1333 2107; x_wconf 85' lang='lat' dir='ltr'><strong>raro,</strong></span> <span class='ocrx_word' id='word_1_94' title='bbox 1398 2036 1478 2090; x_wconf 91' lang='lat' dir='ltr'><strong>et</strong></span> <span class='ocrx_word' id='word_1_95' title='bbox 1518 2018 1754 2091; x_wconf 88' lang='lat' dir='ltr'><strong>modo</strong></span> <span class='ocrx_word' id='word_1_96' title='bbox 1813 2021 1891 2090; x_wconf 90' lang='lat' dir='ltr'><strong>in</strong></span> <span class='ocrx_word' id='word_1_97' title='bbox 1931 2018 2084 2096; x_wconf 85' lang='lat' dir='ltr'><strong>hoc</strong></span> <span class='ocrx_word' id='word_1_98' title='bbox 2155 2026 2395 2100; x_wconf 86' lang='lat' dir='ltr'><strong>modo</strong></span> 
     </span>
    </p>
   </div>
   <div class='ocr_carea' id='block_1_8' title="bbox 276 2136 2442 3445">
    <p class='ocr_par' dir='ltr' id='par_1_9' title="bbox 276 2136 2442 3445">
     <span class='ocr_line' id='line_1_17' title="bbox 276 2136 2400 2233; baseline 0.001 -26"><span class='ocrx_word' id='word_1_99' title='bbox 276 2144 388 2212; x_wconf 82' lang='lat' dir='ltr'><strong>in</strong></span> <span class='ocrx_word' id='word_1_100' title='bbox 445 2137 685 2209; x_wconf 84' lang='lat' dir='ltr'><strong>altero</strong></span> <span class='ocrx_word' id='word_1_101' title='bbox 732 2136 1004 2209; x_wconf 85' lang='lat' dir='ltr'><strong>codice</strong></span> <span class='ocrx_word' id='word_1_102' title='bbox 1048 2141 1543 2233; x_wconf 89' lang='lat' dir='ltr'><strong>reperiuntur.</strong></span> <span class='ocrx_word' id='word_1_103' title='bbox 1639 2137 1884 2228; x_wconf 85' lang='lat' dir='ltr'><strong>Mythi</strong></span> <span class='ocrx_word' id='word_1_104' title='bbox 1901 2191 1921 2228; x_wconf 92' lang='lat'>‚</span> <span class='ocrx_word' id='word_1_105' title='bbox 1968 2165 2115 2215; x_wconf 84' lang='lat' dir='ltr'><strong>nec</strong></span> <span class='ocrx_word' id='word_1_106' title='bbox 2143 2161 2400 2219; x_wconf 84' lang='lat' dir='ltr'><strong>tamen</strong></span> 
     </span>
     <span class='ocr_line' id='line_1_18' title="bbox 288 2252 2403 2361; baseline 0 -28"><span class='ocrx_word' id='word_1_107' title='bbox 288 2253 749 2333; x_wconf 84' lang='lat' dir='ltr'><strong>constanter</strong></span> <span class='ocrx_word' id='word_1_108' title='bbox 768 2308 788 2343; x_wconf 89' lang='lat'>,</span> <span class='ocrx_word' id='word_1_109' title='bbox 846 2269 1332 2352; x_wconf 87' lang='lat' dir='ltr'><strong>repetuntur,</strong></span> <span class='ocrx_word' id='word_1_110' title='bbox 1408 2252 1601 2326; x_wconf 83' lang='lat' dir='ltr'><strong>locis</strong></span> <span class='ocrx_word' id='word_1_111' title='bbox 1642 2254 2020 2327; x_wconf 86' lang='lat' dir='ltr'><strong>interdum</strong></span> <span class='ocrx_word' id='word_1_112' title='bbox 2039 2311 2058 2347; x_wconf 89' lang='lat'>‚</span> <span class='ocrx_word' id='word_1_113' title='bbox 2114 2263 2197 2332; x_wconf 88' lang='lat' dir='ltr'><strong>in</strong></span> <span class='ocrx_word' id='word_1_114' title='bbox 2239 2267 2403 2361; x_wconf 87' lang='lat' dir='ltr'><strong>qui·</strong></span> 
     </span>
     <span class='ocr_line' id='line_1_19' title="bbox 281 2369 2399 2475; baseline 0.002 -21"><span class='ocrx_word' id='word_1_115' title='bbox 281 2378 457 2454; x_wconf 88' lang='lat' dir='ltr'><strong>bus</strong></span> <span class='ocrx_word' id='word_1_116' title='bbox 508 2372 716 2447; x_wconf 85' lang='lat' dir='ltr'><strong>haud</strong></span> <span class='ocrx_word' id='word_1_117' title='bbox 773 2389 1129 2475; x_wconf 83' lang='lat' dir='ltr'><strong>expectes</strong></span> <span class='ocrx_word' id='word_1_118' title='bbox 1145 2426 1166 2466; x_wconf 84' lang='lat'>,</span> <span class='ocrx_word' id='word_1_119' title='bbox 1222 2378 1305 2446; x_wconf 91' lang='lat' dir='ltr'><strong>in</strong></span> <span class='ocrx_word' id='word_1_120' title='bbox 1363 2371 1523 2448; x_wconf 81' lang='lat' dir='ltr'><strong>aliis</strong></span> <span class='ocrx_word' id='word_1_121' title='bbox 1594 2369 1981 2451; x_wconf 59' lang='lat' dir='ltr'><strong>codicibus</strong></span> <span class='ocrx_word' id='word_1_122' title='bbox 2029 2375 2180 2454; x_wconf 86' lang='lat' dir='ltr'><strong>alio</strong></span> <span class='ocrx_word' id='word_1_123' title='bbox 2219 2379 2399 2458; x_wconf 88' lang='lat' dir='ltr'><strong>loco</strong></span> 
     </span>
     <span class='ocr_line' id='line_1_20' title="bbox 285 2494 2395 2598; baseline 0.004 -27"><span class='ocrx_word' id='word_1_124' title='bbox 285 2495 663 2595; x_wconf 77' lang='lat' dir='ltr'><strong>adscripti</strong></span> <span class='ocrx_word' id='word_1_125' title='bbox 676 2523 697 2584; x_wconf 81' lang='lat'>3</span> <span class='ocrx_word' id='word_1_126' title='bbox 758 2499 865 2568; x_wconf 87' lang='lat' dir='ltr'><strong>ita</strong></span> <span class='ocrx_word' id='word_1_127' title='bbox 910 2511 1165 2569; x_wconf 86' lang='lat' dir='ltr'><strong>tamen</strong></span> <span class='ocrx_word' id='word_1_128' title='bbox 1204 2494 1655 2598; x_wconf 85' lang='lat' dir='ltr'><strong>plerumque</strong></span> <span class='ocrx_word' id='word_1_129' title='bbox 1693 2495 1927 2584; x_wconf 82' lang='lat' dir='ltr'><strong>modo</strong></span> <span class='ocrx_word' id='word_1_130' title='bbox 1969 2503 2395 2580; x_wconf 78' lang='lat' dir='ltr'><strong>omittendo</strong></span> 
     </span>
     <span class='ocr_line' id='line_1_21' title="bbox 285 2614 2391 2717; baseline 0.003 -24"><span class='ocrx_word' id='word_1_131' title='bbox 285 2617 545 2693; x_wconf 84' lang='lat' dir='ltr'><strong>modo</strong></span> <span class='ocrx_word' id='word_1_132' title='bbox 592 2616 731 2690; x_wconf 86' lang='lat' dir='ltr'><strong>alia</strong></span> <span class='ocrx_word' id='word_1_133' title='bbox 768 2614 1203 2707; x_wconf 79' lang='lat' dir='ltr'><strong>inserendO,</strong></span> <span class='ocrx_word' id='word_1_134' title='bbox 1247 2621 1581 2717; x_wconf 84' lang='lat' dir='ltr'><strong>corrupti</strong></span> <span class='ocrx_word' id='word_1_135' title='bbox 1605 2670 1627 2706; x_wconf 86' lang='lat'>,</span> <span class='ocrx_word' id='word_1_136' title='bbox 1676 2635 1756 2689; x_wconf 84' lang='lat' dir='ltr'><strong>vt</strong></span> <span class='ocrx_word' id='word_1_137' title='bbox 1788 2616 1969 2694; x_wconf 86' lang='lat' dir='ltr'><strong>hinc</strong></span> <span class='ocrx_word' id='word_1_138' title='bbox 2010 2619 2234 2698; x_wconf 74' lang='lat' dir='ltr'><strong>facile</strong></span> <span class='ocrx_word' id='word_1_139' title='bbox 2285 2623 2391 2700; x_wconf 79' lang='lat' dir='ltr'><strong>as·</strong></span> 
     </span>
     <span class='ocr_line' id='line_1_22' title="bbox 291 2735 2387 2843; baseline 0.002 -27"><span class='ocrx_word' id='word_1_140' title='bbox 291 2738 511 2843; x_wconf 77' lang='lat' dir='ltr'><strong>sequi</strong></span> <span class='ocrx_word' id='word_1_141' title='bbox 547 2737 805 2829; x_wconf 90' lang='lat' dir='ltr'><strong>liceat,</strong></span> <span class='ocrx_word' id='word_1_142' title='bbox 851 2735 1242 2840; x_wconf 83' lang='lat' dir='ltr'><strong>quomodo</strong></span> <span class='ocrx_word' id='word_1_143' title='bbox 1285 2742 1599 2812; x_wconf 86' lang='lat' dir='ltr'><strong>notitiae</strong></span> <span class='ocrx_word' id='word_1_144' title='bbox 1629 2736 2001 2832; x_wconf 85' lang='lat' dir='ltr'><strong>mythicae</strong></span> <span class='ocrx_word' id='word_1_145' title='bbox 2029 2740 2387 2820; x_wconf 74' lang='lat' dir='ltr'><strong>sei-iorum</strong></span> 
     </span>
     <span class='ocr_line' id='line_1_23' title="bbox 292 2853 2388 2965; baseline 0.002 -31"><span class='ocrx_word' id='word_1_146' title='bbox 292 2879 638 2936; x_wconf 87' lang='lat' dir='ltr'><strong>aetatum</strong></span> <span class='ocrx_word' id='word_1_147' title='bbox 683 2877 839 2930; x_wconf 86' lang='lat' dir='ltr'><strong>tam</strong></span> <span class='ocrx_word' id='word_1_148' title='bbox 885 2861 1159 2930; x_wconf 87' lang='lat' dir='ltr'><strong>mirum</strong></span> <span class='ocrx_word' id='word_1_149' title='bbox 1202 2861 1283 2930; x_wconf 86' lang='lat' dir='ltr'><strong>in</strong></span> <span class='ocrx_word' id='word_1_150' title='bbox 1322 2857 1639 2932; x_wconf 85' lang='lat' dir='ltr'><strong>modum</strong></span> <span class='ocrx_word' id='word_1_151' title='bbox 1697 2853 2008 2933; x_wconf 82' lang='lat' dir='ltr'><strong>absurda</strong></span> <span class='ocrx_word' id='word_1_152' title='bbox 2053 2863 2388 2965; x_wconf 84' lang='lat' dir='ltr'><strong>comple·</strong></span> 
     </span>
     <span class='ocr_line' id='line_1_24' title="bbox 300 2976 2392 3082; baseline 0.001 -25"><span class='ocrx_word' id='word_1_153' title='bbox 300 2988 408 3057; x_wconf 86' lang='lat' dir='ltr'><strong>cti</strong></span> <span class='ocrx_word' id='word_1_154' title='bbox 451 2976 745 3082; x_wconf 86' lang='lat' dir='ltr'><strong>poffint.</strong></span> <span class='ocrx_word' id='word_1_155' title='bbox 903 2980 1101 3051; x_wconf 87' lang='lat' dir='ltr'><strong>Cum</strong></span> <span class='ocrx_word' id='word_1_156' title='bbox 1152 2983 1354 3052; x_wconf 89' lang='lat' dir='ltr'><strong>enim</strong></span> <span class='ocrx_word' id='word_1_157' title='bbox 1400 2985 1501 3053; x_wconf 83' lang='lat' dir='ltr'><strong>in-</strong></span> <span class='ocrx_word' id='word_1_158' title='bbox 1534 2978 1840 3052; x_wconf 81' lang='lat' dir='ltr'><strong>breuius</strong></span> <span class='ocrx_word' id='word_1_159' title='bbox 1878 2978 2220 3081; x_wconf 83' lang='lat' dir='ltr'><strong>redigere</strong></span> <span class='ocrx_word' id='word_1_160' title='bbox 2257 3010 2392 3059; x_wconf 83' lang='lat' dir='ltr'><strong>vo-</strong></span> 
     </span>
     <span class='ocr_line' id='line_1_25' title="bbox 295 3097 2387 3190; baseline 0.003 -18"><span class='ocrx_word' id='word_1_161' title='bbox 295 3099 564 3175; x_wconf 80' lang='lat' dir='ltr'><strong>lebant</strong></span> <span class='ocrx_word' id='word_1_162' title='bbox 617 3098 904 3174; x_wconf 89' lang='lat' dir='ltr'><strong>librarii</strong></span> <span class='ocrx_word' id='word_1_163' title='bbox 965 3103 1429 3174; x_wconf 83' lang='lat' dir='ltr'><strong>narrationes</strong></span> <span class='ocrx_word' id='word_1_164' title='bbox 1449 3152 1470 3190; x_wconf 86' lang='lat'><strong>,</strong></span> <span class='ocrx_word' id='word_1_165' title='bbox 1539 3116 1673 3171; x_wconf 88' lang='lat' dir='ltr'><strong>aut</strong></span> <span class='ocrx_word' id='word_1_166' title='bbox 1727 3098 1854 3172; x_wconf 88' lang='lat' dir='ltr'><strong>alii</strong></span> <span class='ocrx_word' id='word_1_167' title='bbox 1894 3097 2054 3174; x_wconf 86' lang='lat' dir='ltr'><strong>aliis</strong></span> <span class='ocrx_word' id='word_1_168' title='bbox 2101 3127 2228 3177; x_wconf 82' lang='lat' dir='ltr'><strong>eas</strong></span> <span class='ocrx_word' id='word_1_169' title='bbox 2271 3102 2387 3178; x_wconf 89' lang='lat' dir='ltr'><strong>lo-</strong></span> 
     </span>
     <span class='ocr_line' id='line_1_26' title="bbox 286 3216 2442 3336; baseline 0.002 -42"><span class='ocrx_word' id='word_1_170' title='bbox 286 3219 693 3321; x_wconf 56' lang='lat' dir='ltr'><strong>scupletare</strong></span> <span class='ocrx_word' id='word_1_171' title='bbox 718 3273 738 3309; x_wconf 91' lang='lat'>,</span> <span class='ocrx_word' id='word_1_172' title='bbox 815 3217 1057 3292; x_wconf 89' lang='lat' dir='ltr'><strong>modo</strong></span> <span class='ocrx_word' id='word_1_173' title='bbox 1112 3216 1632 3311; x_wconf 79' lang='lat' dir='ltr'><strong>obscuritates,</strong></span> <span class='ocrx_word' id='word_1_174' title='bbox 1694 3218 1930 3294; x_wconf 86' lang='lat' dir='ltr'><strong>modo</strong></span> <span class='ocrx_word' id='word_1_175' title='bbox 1981 3224 2442 3336; x_wconf 51' lang='lat' dir='ltr'><strong>interpola--⁸</strong></span> 
     </span>
     <span class='ocr_line' id='line_1_27' title="bbox 301 3337 2388 3445; baseline 0.001 -30"><span class='ocrx_word' id='word_1_176' title='bbox 301 3346 549 3428; x_wconf 80' lang='lat' dir='ltr'><strong>tiones</strong></span> <span class='ocrx_word' id='word_1_177' title='bbox 594 3338 846 3414; x_wconf 74' lang='lat' dir='ltr'><strong>mutae</strong></span> <span class='ocrx_word' id='word_1_178' title='bbox 889 3337 1090 3430; x_wconf 84' lang='lat' dir='ltr'><strong>funt,</strong></span> <span class='ocrx_word' id='word_1_179' title='bbox 1136 3364 1333 3441; x_wconf 86' lang='lat' dir='ltr'><strong>quae</strong></span> <span class='ocrx_word' id='word_1_180' title='bbox 1374 3365 1685 3445; x_wconf 68' lang='lat' dir='ltr'><strong>omnem</strong></span> <span class='ocrx_word' id='word_1_181' title='bbox 1726 3345 2112 3444; x_wconf 83' lang='lat' dir='ltr'><strong>antiquam</strong></span> <span class='ocrx_word' id='word_1_182' title='bbox 2155 3340 2388 3417; x_wconf 73' lang='lat' dir='ltr'><strong>Iidem</strong></span> 
     </span>
    </p>
   </div>
   <div class='ocr_carea' id='block_1_9' title="bbox 228 3479 685 3540">
    <p class='ocr_par' dir='ltr' id='par_1_10' title="bbox 228 3479 685 3540">
     <span class='ocr_line' id='line_1_28' title="bbox 228 3479 685 3540; baseline 0.002 -10"><span class='ocrx_word' id='word_1_183' title='bbox 228 3521 232 3530; x_wconf 94' lang='lat'>.</span> <span class='ocrx_word' id='word_1_184' title='bbox 306 3479 685 3540; x_wconf 75' lang='lat' dir='ltr'><strong>euertunt.</strong></span> 
     </span>
    </p>
   </div>
   <div class='ocr_carea' id='block_1_10' title="bbox 308 3575 2388 4382">
    <p class='ocr_par' dir='ltr' id='par_1_11' title="bbox 308 3575 2388 4296">
     <span class='ocr_line' id='line_1_29' title="bbox 507 3575 2386 3680; baseline -0.001 -23"><span class='ocrx_word' id='word_1_185' title='bbox 507 3583 589 3658; x_wconf 83' lang='lat' dir='ltr'><strong>Si</strong></span> <span class='ocrx_word' id='word_1_186' title='bbox 626 3576 953 3656; x_wconf 83' lang='lat' dir='ltr'><strong>nostram</strong></span> <span class='ocrx_word' id='word_1_187' title='bbox 1005 3577 1469 3680; x_wconf 83' lang='lat' dir='ltr'><strong>diligentiam</strong></span> <span class='ocrx_word' id='word_1_188' title='bbox 1521 3596 1810 3653; x_wconf 82' lang='lat' dir='ltr'><strong>veteres</strong></span> <span class='ocrx_word' id='word_1_189' title='bbox 1863 3575 2386 3676; x_wconf 77' lang='lat' dir='ltr'><strong>adhibuiffent,</strong></span> 
     </span>
     <span class='ocr_line' id='line_1_30' title="bbox 308 3697 2388 3802; baseline -0.001 -26"><span class='ocrx_word' id='word_1_190' title='bbox 308 3722 387 3776; x_wconf 79' lang='lat' dir='ltr'><strong>vt</strong></span> <span class='ocrx_word' id='word_1_191' title='bbox 428 3700 724 3802; x_wconf 71' lang='lat' dir='ltr'><strong>{iugulis</strong></span> <span class='ocrx_word' id='word_1_192' title='bbox 764 3697 1528 3776; x_wconf 72' lang='lat' dir='ltr'><strong>animadflerfionibus</strong></span> <span class='ocrx_word' id='word_1_193' title='bbox 1567 3698 2066 3791; x_wconf 80' lang='lat' dir='ltr'><strong>adscriberent</strong></span> <span class='ocrx_word' id='word_1_194' title='bbox 2103 3726 2388 3775; x_wconf 80' lang='lat' dir='ltr'><strong>nomen</strong></span> 
     </span>
     <span class='ocr_line' id='line_1_31' title="bbox 311 3820 2384 3922; baseline -0.001 -25"><span class='ocrx_word' id='word_1_195' title='bbox 311 3826 808 3921; x_wconf 75' lang='lat' dir='ltr'><strong>grammatici,</strong></span> <span class='ocrx_word' id='word_1_196' title='bbox 855 3827 991 3922; x_wconf 88' lang='lat' dir='ltr'><strong>qui</strong></span> <span class='ocrx_word' id='word_1_197' title='bbox 1041 3845 1327 3894; x_wconf 74' lang='lat' dir='ltr'><strong>earum‘</strong></span> <span class='ocrx_word' id='word_1_198' title='bbox 1346 3838 1618 3895; x_wconf 87' lang='lat' dir='ltr'><strong>auctor</strong></span> <span class='ocrx_word' id='word_1_199' title='bbox 1666 3820 1942 3911; x_wconf 87' lang='lat' dir='ltr'><strong>fuerat,</strong></span> <span class='ocrx_word' id='word_1_200' title='bbox 2013 3839 2143 3893; x_wconf 90' lang='lat' dir='ltr'><strong>aut</strong></span> <span class='ocrx_word' id='word_1_201' title='bbox 2185 3822 2384 3895; x_wconf 78' lang='lat' dir='ltr'><strong>vnde</strong></span> 
     </span>
     <span class='ocr_line' id='line_1_32' title="bbox 320 3939 2379 4045; baseline -0 -31"><span class='ocrx_word' id='word_1_202' title='bbox 320 3967 458 4017; x_wconf 84' lang='lat' dir='ltr'><strong>eae</strong></span> <span class='ocrx_word' id='word_1_203' title='bbox 513 3948 795 4045; x_wconf 85' lang='lat' dir='ltr'><strong>petitae</strong></span> <span class='ocrx_word' id='word_1_204' title='bbox 853 3939 1145 4035; x_wconf 83' lang='lat' dir='ltr'><strong>effent,·</strong></span> <span class='ocrx_word' id='word_1_205' title='bbox 1179 3941 1383 4018; x_wconf 89' lang='lat' dir='ltr'><strong>bene</strong></span> <span class='ocrx_word' id='word_1_206' title='bbox 1440 3941 1845 4018; x_wconf 83' lang='lat' dir='ltr'><strong>nobiscum</strong></span> <span class='ocrx_word' id='word_1_207' title='bbox 1885 3959 2138 4015; x_wconf 85' lang='lat' dir='ltr'><strong>actum</strong></span> <span class='ocrx_word' id='word_1_208' title='bbox 2180 3939 2379 4032; x_wconf 64' lang='lat' dir='ltr'><strong>effer.</strong></span> 
     </span>
     <span class='ocr_line' id='line_1_33' title="bbox 313 4059 2383 4155; baseline -0.001 -20"><span class='ocrx_word' id='word_1_209' title='bbox 313 4064 493 4135; x_wconf 87' lang='lat' dir='ltr'><strong>Hoc</strong></span> <span class='ocrx_word' id='word_1_210' title='bbox 534 4070 732 4136; x_wconf 84' lang='lat' dir='ltr'><strong>enim</strong></span> <span class='ocrx_word' id='word_1_211' title='bbox 780 4061 835 4137; x_wconf 84' lang='lat' dir='ltr'><strong>fi</strong></span> <span class='ocrx_word' id='word_1_212' title='bbox 879 4061 1248 4155; x_wconf 81' lang='lat' dir='ltr'><strong>feciffent‚</strong></span> <span class='ocrx_word' id='word_1_213' title='bbox 1276 4063 1542 4138; x_wconf 87' lang='lat' dir='ltr'><strong>liceret</strong></span> <span class='ocrx_word' id='word_1_214' title='bbox 1583 4064 1682 4139; x_wconf 89' lang='lat' dir='ltr'><strong>de</strong></span> <span class='ocrx_word' id='word_1_215' title='bbox 1712 4064 2161 4136; x_wconf 83' lang='lat' dir='ltr'><strong>auctoritate</strong></span> <span class='ocrx_word' id='word_1_216' title='bbox 2191 4059 2383 4134; x_wconf 88' lang='lat' dir='ltr'><strong>mul-</strong></span> 
     </span>
     <span class='ocr_line' id='line_1_34' title="bbox 308 4179 2383 4296; baseline -0.002 -36"><span class='ocrx_word' id='word_1_217' title='bbox 308 4204 565 4296; x_wconf 82' lang='lat' dir='ltr'><strong>torum</strong></span> <span class='ocrx_word' id='word_1_218' title='bbox 609 4183 1079 4261; x_wconf 79' lang='lat' dir='ltr'><strong>Scholiorum</strong></span> <span class='ocrx_word' id='word_1_219' title='bbox 1126 4184 1397 4260; x_wconf 80' lang='lat' dir='ltr'><strong>melius</strong></span> <span class='ocrx_word' id='word_1_220' title='bbox 1433 4184 1802 4276; x_wconf 83' lang='lat' dir='ltr'><strong>iudicare,</strong></span> <span class='ocrx_word' id='word_1_221' title='bbox 1861 4183 2089 4256; x_wconf 79' lang='lat' dir='ltr'><strong>etiarn</strong></span> <span class='ocrx_word' id='word_1_222' title='bbox 2125 4179 2232 4292; x_wconf 79' lang='lat' dir='ltr'><strong>de</strong></span> <span class='ocrx_word' id='word_1_223' title='bbox 2261 4206 2383 4256; x_wconf 77' lang='lat' dir='ltr'><strong>ae·</strong></span> 
     </span>
    </p>

    <p class='ocr_par' dir='ltr' id='par_1_12' title="bbox 1470 4330 1624 4382">
     <span class='ocr_line' id='line_1_35' title="bbox 1470 4330 1624 4382; baseline -0.013 0"><span class='ocrx_word' id='word_1_224' title='bbox 1470 4330 1515 4382; x_wconf 84' lang='lat' dir='ltr'><strong>e</strong></span> <span class='ocrx_word' id='word_1_225' title='bbox 1579 4334 1624 4380; x_wconf 85' lang='lat'>2</span> 
     </span>
    </p>
   </div>
  </div>
 </body>
</html>
