<?xml version="1.0" encoding="UTF-8"?>
<!DOCTYPE html PUBLIC "-//W3C//DTD XHTML 1.0 Transitional//EN"
    "http://www.w3.org/TR/xhtml1/DTD/xhtml1-transitional.dtd">
<html xmlns="http://www.w3.org/1999/xhtml" xml:lang="en" lang="en">
 <head>
  <title>
</title>
<meta http-equiv="Content-Type" content="text/html;charset=utf-8" />
  <meta name='ocr-system' content='tesseract 3.04.00' />
  <meta name='ocr-capabilities' content='ocr_page ocr_carea ocr_par ocr_line ocrx_word'/>
</head>
<body>
  <div class='ocr_page' id='page_1' title='image "./homericarminacu02graegoog_0543.png"; bbox 0 0 2834 4900; ppageno 0'>
   <div class='ocr_carea' id='block_1_1' title="bbox 658 200 2404 301">
    <p class='ocr_par' dir='ltr' id='par_1_1' title="bbox 658 200 2404 301">
     <span class='ocr_line' id='line_1_1' title="bbox 658 200 2404 301; baseline 0 -30"><span class='ocrx_word' id='word_1_1' title='bbox 658 202 1075 273; x_wconf 83' lang='lat' dir='ltr'><strong>ILIADIS</strong></span> <span class='ocrx_word' id='word_1_2' title='bbox 1136 200 1327 270; x_wconf 82' lang='lat' dir='ltr'><strong>LIB.</strong></span> <span class='ocrx_word' id='word_1_3' title='bbox 1388 200 1640 271; x_wconf 79' lang='lat' dir='ltr'><strong>XVII.</strong></span> <span class='ocrx_word' id='word_1_4' title='bbox 1682 210 1759 271; x_wconf 52' lang='lat' dir='ltr'><strong>*v-</strong></span> <span class='ocrx_word' id='word_1_5' title='bbox 1791 203 2103 301; x_wconf 65' lang='lat'><strong>43-3-70.</strong></span> <span class='ocrx_word' id='word_1_6' title='bbox 2274 211 2404 298; x_wconf 66' lang='lat'><strong>417</strong></span> 
     </span>
    </p>
   </div>
   <div class='ocr_carea' id='block_1_2' title="bbox 328 389 2398 4263">
    <p class='ocr_par' dir='ltr' id='par_1_2' title="bbox 328 389 2398 3926">
     <span class='ocr_line' id='line_1_2' title="bbox 627 389 2395 488; baseline 0.001 -26"><span class='ocrx_word' id='word_1_7' title='bbox 627 393 743 463; x_wconf 84' lang='lat' dir='ltr'><strong>Sic</strong></span> <span class='ocrx_word' id='word_1_8' title='bbox 804 392 1024 475; x_wconf 72' lang='lat' dir='ltr'><strong>fatus,</strong></span> <span class='ocrx_word' id='word_1_9' title='bbox 1079 390 1262 458; x_wconf 87' lang='lat' dir='ltr'><strong>feriit</strong></span> <span class='ocrx_word' id='word_1_10' title='bbox 1316 389 1637 483; x_wconf 81' lang='lat' dir='ltr'><strong>elypeum</strong></span> <span class='ocrx_word' id='word_1_11' title='bbox 1709 393 2014 485; x_wconf 70' lang='lat' dir='ltr'><strong>Vndique</strong></span> <span class='ocrx_word' id='word_1_12' title='bbox 2074 395 2395 488; x_wconf 70' lang='lat' dir='ltr'><strong>aequaleg</strong></span> 
     </span>
     <span class='ocr_line' id='line_1_3' title="bbox 469 513 2398 604; baseline 0.001 -21"><span class='ocrx_word' id='word_1_13' title='bbox 469 536 698 604; x_wconf 89' lang='lat' dir='ltr'><strong>neque</strong></span> <span class='ocrx_word' id='word_1_14' title='bbox 757 528 992 579; x_wconf 81' lang='lat' dir='ltr'><strong>tamen</strong></span> <span class='ocrx_word' id='word_1_15' title='bbox 1055 513 1368 602; x_wconf 80' lang='lat' dir='ltr'><strong>perrupit</strong></span> <span class='ocrx_word' id='word_1_16' title='bbox 1418 533 1528 577; x_wconf 78' lang='lat' dir='ltr'><strong>aes</strong></span> <span class='ocrx_word' id='word_1_17' title='bbox 1549 559 1601 597; x_wconf 23' lang='grc' dir='ltr'><strong>,ι</strong></span> <span class='ocrx_word' id='word_1_18' title='bbox 1629 530 1985 579; x_wconf 81' lang='lat' dir='ltr'><strong>recuruata</strong></span> <span class='ocrx_word' id='word_1_19' title='bbox 2034 530 2259 582; x_wconf 80' lang='lat' dir='ltr'><strong>autem</strong></span> <span class='ocrx_word' id='word_1_20' title='bbox 2305 515 2398 585; x_wconf 88' lang='lat' dir='ltr'><strong>est</strong></span> 
     </span>
     <span class='ocr_line' id='line_1_4' title="bbox 340 628 2397 727; baseline 0 -26"><span class='ocrx_word' id='word_1_21' title='bbox 340 636 429 724; x_wconf 75' lang='grc'><strong>45</strong></span> <span class='ocrx_word' id='word_1_22' title='bbox 464 636 527 701; x_wconf 90' lang='lat' dir='ltr'><strong>ei</strong></span> <span class='ocrx_word' id='word_1_23' title='bbox 574 632 789 721; x_wconf 73' lang='lat' dir='ltr'><strong>cuspis</strong></span> <span class='ocrx_word' id='word_1_24' title='bbox 1001 628 1190 697; x_wconf 87' lang='lat' dir='ltr'><strong>scuto</strong></span> <span class='ocrx_word' id='word_1_25' title='bbox 1221 632 1299 696; x_wconf 72' lang='lat' dir='ltr'><strong>in</strong></span> <span class='ocrx_word' id='word_1_26' title='bbox 1335 629 1578 697; x_wconf 79' lang='lat' dir='ltr'><strong>valido.</strong></span> <span class='ocrx_word' id='word_1_27' title='bbox 1662 629 2017 697; x_wconf 83' lang='lat' dir='ltr'><strong>Secundus</strong></span> <span class='ocrx_word' id='word_1_28' title='bbox 2057 653 2221 727; x_wconf 69' lang='lat' dir='ltr'><strong>yero</strong></span> <span class='ocrx_word' id='word_1_29' title='bbox 2266 636 2397 700; x_wconf 89' lang='lat' dir='ltr'><strong>im-</strong></span> 
     </span>
     <span class='ocr_line' id='line_1_5' title="bbox 470 747 2392 845; baseline 0.001 -27"><span class='ocrx_word' id='word_1_30' title='bbox 470 768 712 845; x_wconf 84' lang='lat' dir='ltr'><strong>petum</strong></span> <span class='ocrx_word' id='word_1_31' title='bbox 749 790 785 807; x_wconf 92' lang='lat'>-</span> <span class='ocrx_word' id='word_1_32' title='bbox 818 748 982 815; x_wconf 87' lang='lat' dir='ltr'><strong>fecit</strong></span> <span class='ocrx_word' id='word_1_33' title='bbox 1025 769 1182 815; x_wconf 82' lang='lat' dir='ltr'><strong>aere</strong></span> <span class='ocrx_word' id='word_1_34' title='bbox 1350 748 1546 815; x_wconf 82' lang='lat' dir='ltr'><strong>Atrei</strong></span> <span class='ocrx_word' id='word_1_35' title='bbox 1582 747 1760 815; x_wconf 73' lang='lat' dir='ltr'><strong>filius</strong></span> <span class='ocrx_word' id='word_1_36' title='bbox 1790 748 2190 835; x_wconf 78' lang='lat' dir='ltr'><strong>Menelaus,</strong></span> <span class='ocrx_word' id='word_1_37' title='bbox 2232 776 2392 842; x_wconf 86' lang='lat' dir='ltr'><strong>pre·</strong></span> 
     </span>
     <span class='ocr_line' id='line_1_6' title="bbox 476 867 2392 957; baseline 0.001 -19"><span class='ocrx_word' id='word_1_38' title='bbox 476 886 664 938; x_wconf 67' lang='lat' dir='ltr'><strong>catus</strong></span> <span class='ocrx_word' id='word_1_39' title='bbox 705 869 936 936; x_wconf 89' lang='lat' dir='ltr'><strong>Iouem</strong></span> <span class='ocrx_word' id='word_1_40' title='bbox 980 882 1266 957; x_wconf 84' lang='lat' dir='ltr'><strong>patrem.</strong></span> <span class='ocrx_word' id='word_1_41' title='bbox 1470 867 1723 934; x_wconf 84' lang='lat' dir='ltr'><strong>Pedem</strong></span> <span class='ocrx_word' id='word_1_42' title='bbox 1765 881 1994 934; x_wconf 86' lang='lat' dir='ltr'><strong>autem</strong></span> <span class='ocrx_word' id='word_1_43' title='bbox 2037 870 2392 938; x_wconf 82' lang='lat' dir='ltr'><strong>retrahen-</strong></span> 
     </span>
     <span class='ocr_line' id='line_1_7' title="bbox 468 960 2392 1079; baseline -0.002 -21"><span class='ocrx_word' id='word_1_44' title='bbox 468 992 558 1058; x_wconf 75' lang='lat' dir='ltr'><strong>tis</strong></span> <span class='ocrx_word' id='word_1_45' title='bbox 601 960 822 1079; x_wconf 56' lang='lat' dir='ltr'><strong>gulam</strong></span> <span class='ocrx_word' id='word_1_46' title='bbox 858 988 1062 1052; x_wconf 82' lang='lat' dir='ltr'><strong>imam</strong></span> <span class='ocrx_word' id='word_1_47' title='bbox 1274 985 1626 1076; x_wconf 81' lang='lat' dir='ltr'><strong>percuffit‚</strong></span> <span class='ocrx_word' id='word_1_48' title='bbox 1689 1002 1757 1054; x_wconf 90' lang='lat' dir='ltr'><strong>et</strong></span> <span class='ocrx_word' id='word_1_49' title='bbox 1799 986 1943 1077; x_wconf 86' lang='lat' dir='ltr'><strong>ipse</strong></span> <span class='ocrx_word' id='word_1_50' title='bbox 1986 991 2316 1055; x_wconf 83' lang='lat' dir='ltr'>connixus</span> <span class='ocrx_word' id='word_1_51' title='bbox 2353 1030 2392 1046; x_wconf 90' lang='lat'>-</span> 
     </span>
     <span class='ocr_line' id='line_1_8' title="bbox 469 1100 2393 1199; baseline -0.001 -24"><span class='ocrx_word' id='word_1_52' title='bbox 469 1105 919 1198; x_wconf 74' lang='lat' dir='ltr'><strong>imprimebat,</strong></span> <span class='ocrx_word' id='word_1_53' title='bbox 968 1100 1236 1172; x_wconf 80' lang='lat' dir='ltr'><strong>robusta</strong></span> <span class='ocrx_word' id='word_1_54' title='bbox 1275 1125 1481 1170; x_wconf 86' lang='lat' dir='ltr'><strong>manu</strong></span> <span class='ocrx_word' id='word_1_55' title='bbox 1527 1103 1778 1193; x_wconf 75' lang='lat' dir='ltr'><strong>[retus;</strong></span> <span class='ocrx_word' id='word_1_56' title='bbox 1954 1127 1993 1172; x_wconf 89' lang='lat' dir='ltr'><strong>e</strong></span> <span class='ocrx_word' id='word_1_57' title='bbox 2033 1146 2069 1163; x_wconf 92' lang='lat'>-</span> <span class='ocrx_word' id='word_1_58' title='bbox 2106 1110 2393 1199; x_wconf 79' lang='lat' dir='ltr'><strong>regione</strong></span> 
     </span>
     <span class='ocr_line' id='line_1_9' title="bbox 344 1221 2391 1315; baseline -0 -22"><span class='ocrx_word' id='word_1_59' title='bbox 344 1228 432 1301; x_wconf 75' lang='lat'><strong>50</strong></span> <span class='ocrx_word' id='word_1_60' title='bbox 472 1241 695 1293; x_wconf 86' lang='lat' dir='ltr'><strong>autem</strong></span> <span class='ocrx_word' id='word_1_61' title='bbox 737 1221 1016 1291; x_wconf 86' lang='lat' dir='ltr'><strong>mollem</strong></span> <span class='ocrx_word' id='word_1_62' title='bbox 1056 1244 1181 1310; x_wconf 88' lang='lat' dir='ltr'><strong>per</strong></span> <span class='ocrx_word' id='word_1_63' title='bbox 1222 1223 1557 1288; x_wconf 85' lang='lat' dir='ltr'><strong>ceruicem</strong></span> <span class='ocrx_word' id='word_1_64' title='bbox 1613 1223 1780 1291; x_wconf 82' lang='lat' dir='ltr'><strong>abiit</strong></span> <span class='ocrx_word' id='word_1_65' title='bbox 1820 1222 2057 1315; x_wconf 77' lang='lat' dir='ltr'><strong>cuspis·</strong></span> <span class='ocrx_word' id='word_1_66' title='bbox 2227 1226 2391 1294; x_wconf 80' lang='lat' dir='ltr'><strong>Fra-</strong></span> 
     </span>
     <span class='ocr_line' id='line_1_10' title="bbox 466 1338 2387 1438; baseline 0.001 -26"><span class='ocrx_word' id='word_1_67' title='bbox 466 1366 707 1438; x_wconf 81' lang='lat' dir='ltr'><strong>gorem</strong></span> <span class='ocrx_word' id='word_1_68' title='bbox 759 1365 928 1409; x_wconf 80' lang='lat' dir='ltr'><strong>vero</strong></span> <span class='ocrx_word' id='word_1_69' title='bbox 985 1339 1201 1406; x_wconf 78' lang='lat' dir='ltr'><strong>edidit</strong></span> <span class='ocrx_word' id='word_1_70' title='bbox 1257 1338 1503 1405; x_wconf 82' lang='lat' dir='ltr'><strong>cadens</strong></span> <span class='ocrx_word' id='word_1_71' title='bbox 1524 1387 1544 1423; x_wconf 90' lang='lat'>‚</span> <span class='ocrx_word' id='word_1_72' title='bbox 1625 1340 2060 1434; x_wconf 85' lang='lat' dir='ltr'><strong>sonitumque</strong></span> <span class='ocrx_word' id='word_1_73' title='bbox 2131 1345 2387 1414; x_wconf 81' lang='lat' dir='ltr'><strong>dedere</strong></span> 
     </span>
     <span class='ocr_line' id='line_1_11' title="bbox 467 1457 2390 1552; baseline 0.003 -24"><span class='ocrx_word' id='word_1_74' title='bbox 467 1485 654 1528; x_wconf 75' lang='lat' dir='ltr'><strong>arma</strong></span> <span class='ocrx_word' id='word_1_75' title='bbox 693 1460 890 1550; x_wconf 87' lang='lat' dir='ltr'><strong>super</strong></span> <span class='ocrx_word' id='word_1_76' title='bbox 929 1458 1166 1549; x_wconf 87' lang='lat' dir='ltr'><strong>ipsum.</strong></span> <span class='ocrx_word' id='word_1_77' title='bbox 1335 1457 1682 1549; x_wconf 80' lang='lat' dir='ltr'><strong>Sanguine</strong></span> <span class='ocrx_word' id='word_1_78' title='bbox 1723 1462 1787 1525; x_wconf 90' lang='lat' dir='ltr'><strong>ei</strong></span> <span class='ocrx_word' id='word_1_79' title='bbox 1828 1459 2220 1552; x_wconf 81' lang='lat' dir='ltr'>rigabantur</span> <span class='ocrx_word' id='word_1_80' title='bbox 2266 1488 2390 1533; x_wconf 85' lang='lat' dir='ltr'><strong>co-</strong></span> 
     </span>
     <span class='ocr_line' id='line_1_12' title="bbox 470 1575 2392 1673; baseline 0.003 -29"><span class='ocrx_word' id='word_1_81' title='bbox 470 1601 675 1663; x_wconf 81' lang='lat' dir='ltr'><strong>mae,</strong></span> <span class='ocrx_word' id='word_1_82' title='bbox 726 1578 976 1673; x_wconf 75' lang='lat' dir='ltr'><strong>Gratiis</strong></span> <span class='ocrx_word' id='word_1_83' title='bbox 1016 1575 1276 1662; x_wconf 83' lang='lat' dir='ltr'><strong>ssmiles,</strong></span> <span class='ocrx_word' id='word_1_84' title='bbox 1497 1579 1969 1669; x_wconf 86' lang='lat' dir='ltr'><strong>cincinnique,</strong></span> <span class='ocrx_word' id='word_1_85' title='bbox 2019 1583 2139 1671; x_wconf 68' lang='lat' dir='ltr'><strong>qui</strong></span> <span class='ocrx_word' id='word_1_86' title='bbox 2188 1603 2392 1650; x_wconf 84' lang='lat' dir='ltr'><strong>auro·-</strong></span> 
     </span>
     <span class='ocr_line' id='line_1_13' title="bbox 474 1668 2391 1788; baseline 0.002 -24"><span class='ocrx_word' id='word_1_87' title='bbox 474 1721 611 1788; x_wconf 88' lang='lat' dir='ltr'><strong>que</strong></span> <span class='ocrx_word' id='word_1_88' title='bbox 651 1713 722 1765; x_wconf 89' lang='lat' dir='ltr'><strong>et</strong></span> <span class='ocrx_word' id='word_1_89' title='bbox 760 1712 1042 1787; x_wconf 83' lang='lat' dir='ltr'><strong>argento</strong></span> <span class='ocrx_word' id='word_1_90' title='bbox 1092 1695 1429 1764; x_wconf 81' lang='lat' dir='ltr'><strong>constricti</strong></span> <span class='ocrx_word' id='word_1_91' title='bbox 1470 1668 1683 1765; x_wconf 66' lang='lat' dir='ltr'><strong>erant·</strong></span> <span class='ocrx_word' id='word_1_92' title='bbox 1893 1697 2184 1787; x_wconf 77' lang='lat' dir='ltr'><strong>Qualem</strong></span> <span class='ocrx_word' id='word_1_93' title='bbox 2225 1723 2391 1767; x_wconf 84' lang='lat' dir='ltr'><strong>vero</strong></span> 
     </span>
     <span class='ocr_line' id='line_1_14' title="bbox 344 1793 2394 1908; baseline -0.001 -18"><span class='ocrx_word' id='word_1_94' title='bbox 344 1795 436 1890; x_wconf 62' lang='lat'><strong>55</strong></span> <span class='ocrx_word' id='word_1_95' title='bbox 473 1793 692 1887; x_wconf 73' lang='lat' dir='ltr'><strong>nutrit</strong></span> <span class='ocrx_word' id='word_1_96' title='bbox 733 1816 1033 1908; x_wconf 77' lang='lat' dir='ltr'>plantam</span> <span class='ocrx_word' id='word_1_97' title='bbox 1072 1819 1174 1885; x_wconf 79' lang='lat' dir='ltr'><strong>vir</strong></span> <span class='ocrx_word' id='word_1_98' title='bbox 1215 1816 1350 1884; x_wconf 80' lang='lat' dir='ltr'><strong>late</strong></span> <span class='ocrx_word' id='word_1_99' title='bbox 1387 1816 1829 1884; x_wconf 74' lang='lat' dir='ltr'><strong>frondentem</strong></span> <span class='ocrx_word' id='word_1_100' title='bbox 1887 1816 2115 1886; x_wconf 79' lang='lat' dir='ltr'><strong>oliuae</strong></span> <span class='ocrx_word' id='word_1_101' title='bbox 2285 1817 2394 1887; x_wconf 84' lang='lat' dir='ltr'><strong>lo-</strong></span> 
     </span>
     <span class='ocr_line' id='line_1_15' title="bbox 472 1934 2391 2029; baseline 0.002 -27"><span class='ocrx_word' id='word_1_102' title='bbox 472 1960 555 2003; x_wconf 89' lang='lat' dir='ltr'><strong>co</strong></span> <span class='ocrx_word' id='word_1_103' title='bbox 599 1940 673 2002; x_wconf 91' lang='lat' dir='ltr'><strong>in</strong></span> <span class='ocrx_word' id='word_1_104' title='bbox 715 1935 1054 2020; x_wconf 85' lang='lat' dir='ltr'><strong>solitario,</strong></span> <span class='ocrx_word' id='word_1_105' title='bbox 1102 1934 1220 2005; x_wconf 85' lang='lat' dir='ltr'><strong>vbi</strong></span> <span class='ocrx_word' id='word_1_106' title='bbox 1263 1936 1537 2001; x_wconf 83' lang='lat' dir='ltr'><strong>abunde</strong></span> <span class='ocrx_word' id='word_1_107' title='bbox 1579 1934 1852 2002; x_wconf 83' lang='lat' dir='ltr'><strong>scaturit</strong></span> <span class='ocrx_word' id='word_1_108' title='bbox 1895 1960 2091 2027; x_wconf 82' lang='lat' dir='ltr'><strong>aqua,</strong></span> <span class='ocrx_word' id='word_1_109' title='bbox 2234 1937 2391 2029; x_wconf 78' lang='lat' dir='ltr'><strong>pul-</strong></span> 
     </span>
     <span class='ocr_line' id='line_1_16' title="bbox 474 2052 2394 2142; baseline 0.003 -24"><span class='ocrx_word' id='word_1_110' title='bbox 474 2074 677 2135; x_wconf 83' lang='lat' dir='ltr'><strong>cram,</strong></span> <span class='ocrx_word' id='word_1_111' title='bbox 708 2056 1218 2141; x_wconf 83' lang='lat' dir='ltr'><strong>germinantem,</strong></span> <span class='ocrx_word' id='word_1_112' title='bbox 1252 2075 1455 2142; x_wconf 82' lang='lat' dir='ltr'><strong>quam</strong></span> <span class='ocrx_word' id='word_1_113' title='bbox 1479 2052 1672 2117; x_wconf 79' lang='lat' dir='ltr'><strong>ssatus</strong></span> <span class='ocrx_word' id='word_1_114' title='bbox 1699 2067 1966 2119; x_wconf 82' lang='lat' dir='ltr'><strong>motant</strong></span> <span class='ocrx_word' id='word_1_115' title='bbox 2080 2059 2394 2124; x_wconf 87' lang='lat' dir='ltr'><strong>omnium</strong></span> 
     </span>
     <span class='ocr_line' id='line_1_17' title="bbox 471 2152 2395 2258; baseline 0.002 -22"><span class='ocrx_word' id='word_1_116' title='bbox 471 2185 868 2247; x_wconf 65' lang='lat' dir='ltr'><strong>ventorum,</strong></span> <span class='ocrx_word' id='word_1_117' title='bbox 915 2183 985 2235; x_wconf 90' lang='lat' dir='ltr'><strong>et</strong></span> <span class='ocrx_word' id='word_1_118' title='bbox 1036 2166 1322 2258; x_wconf 84' lang='lat' dir='ltr'><strong>pullulat</strong></span> <span class='ocrx_word' id='word_1_119' title='bbox 1370 2191 1457 2233; x_wconf 84' lang='lat' dir='ltr'><strong>ea</strong></span> <span class='ocrx_word' id='word_1_120' title='bbox 1514 2169 1684 2235; x_wconf 86' lang='lat' dir='ltr'><strong>flore</strong></span> <span class='ocrx_word' id='word_1_121' title='bbox 1743 2169 1939 2251; x_wconf 82' lang='lat' dir='ltr'><strong>alb03</strong></span> <span class='ocrx_word' id='word_1_122' title='bbox 2107 2152 2395 2240; x_wconf 69' lang='lat' dir='ltr'><strong>veniens</strong></span> 
     </span>
     <span class='ocr_line' id='line_1_18' title="bbox 475 2286 2392 2381; baseline 0.002 -28"><span class='ocrx_word' id='word_1_123' title='bbox 475 2301 700 2353; x_wconf 79' lang='lat' dir='ltr'><strong>autem</strong></span> <span class='ocrx_word' id='word_1_124' title='bbox 741 2301 1028 2377; x_wconf 91' lang='lat' dir='ltr'><strong>repente</strong></span> <span class='ocrx_word' id='word_1_125' title='bbox 1069 2300 1310 2353; x_wconf 73' lang='lat' dir='ltr'><strong>ventus</strong></span> <span class='ocrx_word' id='word_1_126' title='bbox 1349 2309 1503 2351; x_wconf 88' lang='lat' dir='ltr'><strong>cum</strong></span> <span class='ocrx_word' id='word_1_127' title='bbox 1539 2288 1812 2373; x_wconf 77' lang='lat' dir='ltr'><strong>turbine</strong></span> <span class='ocrx_word' id='word_1_128' title='bbox 1838 2286 2080 2370; x_wconf 85' lang='lat' dir='ltr'><strong>multo,</strong></span> <span class='ocrx_word' id='word_1_129' title='bbox 2120 2369 2141 2381; x_wconf 28' lang='grc' dir='ltr'>ᾳ</span> <span class='ocrx_word' id='word_1_130' title='bbox 2251 2288 2392 2357; x_wconf 81' lang='lat' dir='ltr'><strong>fos-</strong></span> 
     </span>
     <span class='ocr_line' id='line_1_19' title="bbox 471 2403 2391 2506; baseline -0.005 -31"><span class='ocrx_word' id='word_1_131' title='bbox 471 2405 677 2499; x_wconf 82' lang='lat' dir='ltr'><strong>saque</strong></span> <span class='ocrx_word' id='word_1_132' title='bbox 730 2408 1011 2490; x_wconf 87' lang='lat' dir='ltr'><strong>euertit‚</strong></span> <span class='ocrx_word' id='word_1_133' title='bbox 1088 2420 1158 2472; x_wconf 90' lang='lat' dir='ltr'><strong>et</strong></span> <span class='ocrx_word' id='word_1_134' title='bbox 1220 2403 1523 2474; x_wconf 87' lang='lat' dir='ltr'><strong>extendit</strong></span> <span class='ocrx_word' id='word_1_135' title='bbox 1572 2404 1770 2506; x_wconf 58' lang='lat' dir='ltr'><strong>super</strong></span> <span class='ocrx_word' id='word_1_136' title='bbox 1826 2420 2111 2474; x_wconf 82' lang='lat' dir='ltr'><strong>terram:</strong></span> <span class='ocrx_word' id='word_1_137' title='bbox 2284 2421 2391 2474; x_wconf 82' lang='lat' dir='ltr'><strong>ta.</strong></span> 
     </span>
     <span class='ocr_line' id='line_1_20' title="bbox 472 2523 2384 2616; baseline -0.001 -23"><span class='ocrx_word' id='word_1_138' title='bbox 472 2527 608 2595; x_wconf 88' lang='lat' dir='ltr'><strong>lem</strong></span> <span class='ocrx_word' id='word_1_139' title='bbox 687 2525 981 2593; x_wconf 80' lang='lat' dir='ltr'><strong>Panthoi</strong></span> <span class='ocrx_word' id='word_1_140' title='bbox 1049 2524 1262 2592; x_wconf 84' lang='lat' dir='ltr'><strong>filium</strong></span> <span class='ocrx_word' id='word_1_141' title='bbox 1333 2524 1553 2591; x_wconf 80' lang='lat' dir='ltr'><strong>hastae</strong></span> <span class='ocrx_word' id='word_1_142' title='bbox 1590 2566 1627 2584; x_wconf 86' lang='lat'>-</span> <span class='ocrx_word' id='word_1_143' title='bbox 1680 2528 1925 2614; x_wconf 87' lang='lat' dir='ltr'><strong>peritia</strong></span> <span class='ocrx_word' id='word_1_144' title='bbox 1966 2565 2003 2581; x_wconf 87' lang='lat'>-</span> <span class='ocrx_word' id='word_1_145' title='bbox 2057 2523 2384 2616; x_wconf 70' lang='lat' dir='ltr'><strong>insignem</strong></span> 
     </span>
     <span class='ocr_line' id='line_1_21' title="bbox 328 2642 2384 2735; baseline -0.004 -16"><span class='ocrx_word' id='word_1_146' title='bbox 328 2648 429 2719; x_wconf 77' lang='lat'><strong>60</strong></span> <span class='ocrx_word' id='word_1_147' title='bbox 465 2644 919 2735; x_wconf 84' lang='lat' dir='ltr'><strong>Euphorbum</strong></span> <span class='ocrx_word' id='word_1_148' title='bbox 1095 2645 1292 2710; x_wconf 87' lang='lat' dir='ltr'><strong>Atrei</strong></span> <span class='ocrx_word' id='word_1_149' title='bbox 1342 2642 1519 2709; x_wconf 73' lang='lat' dir='ltr'><strong>filius</strong></span> <span class='ocrx_word' id='word_1_150' title='bbox 1575 2643 1930 2734; x_wconf 67' lang='lat' dir='ltr'><strong>Menelaus</strong></span> <span class='ocrx_word' id='word_1_151' title='bbox 1950 2692 1971 2728; x_wconf 87' lang='lat'>‚</span> <span class='ocrx_word' id='word_1_152' title='bbox 2026 2643 2384 2735; x_wconf 81' lang='lat' dir='ltr'><strong>postquam</strong></span> 
     </span>
     <span class='ocr_line' id='line_1_22' title="bbox 471 2747 2395 2856; baseline 0.001 -24"><span class='ocrx_word' id='word_1_153' title='bbox 471 2764 944 2848; x_wconf 77' lang='lat' dir='ltr'><strong>interfecerat,</strong></span> <span class='ocrx_word' id='word_1_154' title='bbox 992 2763 1189 2831; x_wconf 79' lang='lat' dir='ltr'><strong>armis</strong></span> <span class='ocrx_word' id='word_1_155' title='bbox 1228 2760 1575 2853; x_wconf 83' lang='lat' dir='ltr'><strong>spoliabat.</strong></span> <span class='ocrx_word' id='word_1_156' title='bbox 1741 2762 1838 2831; x_wconf 85' lang='lat' dir='ltr'><strong>Vt</strong></span> <span class='ocrx_word' id='word_1_157' title='bbox 1894 2785 2077 2856; x_wconf 29' lang='lat' dir='ltr'><strong>vero,</strong></span> <span class='ocrx_word' id='word_1_158' title='bbox 2100 2747 2395 2855; x_wconf 76' lang='lat' dir='ltr'><strong>quando¹</strong></span> 
     </span>
     <span class='ocr_line' id='line_1_23' title="bbox 471 2880 2385 2975; baseline -0.002 -22"><span class='ocrx_word' id='word_1_159' title='bbox 471 2886 624 2975; x_wconf 75' lang='lat' dir='ltr'><strong>quis</strong></span> <span class='ocrx_word' id='word_1_160' title='bbox 663 2883 775 2950; x_wconf 91' lang='lat' dir='ltr'><strong>leo</strong></span> <span class='ocrx_word' id='word_1_161' title='bbox 823 2886 898 2950; x_wconf 88' lang='lat' dir='ltr'><strong>in</strong></span> <span class='ocrx_word' id='word_1_162' title='bbox 938 2923 974 2940; x_wconf 92' lang='lat'>-</span> <span class='ocrx_word' id='word_1_163' title='bbox 1013 2881 1361 2950; x_wconf 84' lang='lat' dir='ltr'><strong>montibus</strong></span> <span class='ocrx_word' id='word_1_164' title='bbox 1399 2922 1437 2938; x_wconf 86' lang='lat'>-</span> <span class='ocrx_word' id='word_1_165' title='bbox 1475 2884 1767 2949; x_wconf 70' lang='lat' dir='ltr'><strong>nutritus</strong></span> <span class='ocrx_word' id='word_1_166' title='bbox 1787 2930 1806 2965; x_wconf 90' lang='lat'>,</span> <span class='ocrx_word' id='word_1_167' title='bbox 1852 2881 2106 2949; x_wconf 84' lang='lat' dir='ltr'><strong>robore</strong></span> <span class='ocrx_word' id='word_1_168' title='bbox 2147 2880 2385 2969; x_wconf 77' lang='lat' dir='ltr'><strong>fretus,</strong></span> 
     </span>
     <span class='ocr_line' id='line_1_24' title="bbox 471 3001 2378 3097; baseline -0.002 -26"><span class='ocrx_word' id='word_1_169' title='bbox 471 3002 805 3097; x_wconf 80' lang='lat' dir='ltr'><strong>pascentis</strong></span> <span class='ocrx_word' id='word_1_170' title='bbox 846 3003 1135 3068; x_wconf 85' lang='lat' dir='ltr'><strong>armenti</strong></span> <span class='ocrx_word' id='word_1_171' title='bbox 1185 3001 1440 3069; x_wconf 89' lang='lat' dir='ltr'><strong>bouem</strong></span> <span class='ocrx_word' id='word_1_172' title='bbox 1458 3003 1811 3093; x_wconf 62' lang='lat' dir='ltr'><strong>rapuerit,</strong></span> <span class='ocrx_word' id='word_1_173' title='bbox 1876 3021 2053 3092; x_wconf 84' lang='lat' dir='ltr'><strong>quae</strong></span> <span class='ocrx_word' id='word_1_174' title='bbox 2093 3002 2378 3091; x_wconf 81' lang='lat' dir='ltr'><strong>optima,</strong></span> 
     </span>
     <span class='ocr_line' id='line_1_25' title="bbox 461 3119 2383 3210; baseline -0.001 -21"><span class='ocrx_word' id='word_1_175' title='bbox 461 3124 675 3206; x_wconf 42' lang='lat' dir='ltr'><strong>„huius</strong></span> <span class='ocrx_word' id='word_1_176' title='bbox 718 3136 946 3187; x_wconf 80' lang='lat' dir='ltr'><strong>autem</strong></span> <span class='ocrx_word' id='word_1_177' title='bbox 986 3123 1322 3187; x_wconf 83' lang='lat' dir='ltr'><strong>ceruicem</strong></span> <span class='ocrx_word' id='word_1_178' title='bbox 1364 3120 1616 3210; x_wconf 78' lang='lat' dir='ltr'><strong>frangit</strong></span> <span class='ocrx_word' id='word_1_179' title='bbox 1636 3170 1655 3205; x_wconf 86' lang='lat'>,</span> <span class='ocrx_word' id='word_1_180' title='bbox 1717 3136 2101 3209; x_wconf 81' lang='lat' dir='ltr'><strong>correptam</strong></span> <span class='ocrx_word' id='word_1_181' title='bbox 2143 3119 2383 3189; x_wconf 71' lang='lat' dir='ltr'><strong>validis</strong></span> 
     </span>
     <span class='ocr_line' id='line_1_26' title="bbox 469 3239 2391 3331; baseline -0.001 -26"><span class='ocrx_word' id='word_1_182' title='bbox 469 3240 817 3324; x_wconf 71' lang='lat' dir='ltr'><strong>dentibus,</strong></span> <span class='ocrx_word' id='word_1_183' title='bbox 987 3241 1321 3330; x_wconf 84' lang='lat' dir='ltr'><strong>primum,</strong></span> <span class='ocrx_word' id='word_1_184' title='bbox 1366 3240 1617 3308; x_wconf 79' lang='lat' dir='ltr'><strong>deinde</strong></span> <span class='ocrx_word' id='word_1_185' title='bbox 1661 3262 1822 3307; x_wconf 84' lang='lat' dir='ltr'><strong>vero</strong></span> <span class='ocrx_word' id='word_1_186' title='bbox 1860 3239 2391 3331; x_wconf 79' lang='lat' dir='ltr'><strong>sanguinemque</strong></span> 
     </span>
     <span class='ocr_line' id='line_1_27' title="bbox 351 3356 2388 3445; baseline -0.001 -19"><span class='ocrx_word' id='word_1_187' title='bbox 351 3362 440 3436; x_wconf 85' lang='lat'><strong>65</strong></span> <span class='ocrx_word' id='word_1_188' title='bbox 480 3376 550 3426; x_wconf 93' lang='lat' dir='ltr'><strong>et</strong></span> <span class='ocrx_word' id='word_1_189' title='bbox 584 3356 834 3425; x_wconf 79' lang='lat' dir='ltr'><strong>viscera</strong></span> <span class='ocrx_word' id='word_1_190' title='bbox 873 3361 1100 3427; x_wconf 84' lang='lat' dir='ltr'><strong>omnia</strong></span> <span class='ocrx_word' id='word_1_191' title='bbox 1143 3360 1368 3426; x_wconf 87' lang='lat' dir='ltr'><strong>haurit</strong></span> <span class='ocrx_word' id='word_1_192' title='bbox 1540 3359 1900 3445; x_wconf 81' lang='lat' dir='ltr'><strong>dilanians;</strong></span> <span class='ocrx_word' id='word_1_193' title='bbox 1962 3359 2215 3426; x_wconf 85' lang='lat' dir='ltr'><strong>circum</strong></span> <span class='ocrx_word' id='word_1_194' title='bbox 2265 3378 2388 3424; x_wconf 86' lang='lat' dir='ltr'><strong>au-</strong></span> 
     </span>
     <span class='ocr_line' id='line_1_28' title="bbox 477 3446 2385 3568; baseline -0.002 -21"><span class='ocrx_word' id='word_1_195' title='bbox 477 3495 623 3547; x_wconf 90' lang='lat' dir='ltr'><strong>tem</strong></span> <span class='ocrx_word' id='word_1_196' title='bbox 682 3477 866 3544; x_wconf 88' lang='lat' dir='ltr'><strong>hunc</strong></span> <span class='ocrx_word' id='word_1_197' title='bbox 924 3446 1257 3568; x_wconf 49' lang='lat' dir='ltr'><strong>nandoque</strong></span> <span class='ocrx_word' id='word_1_198' title='bbox 1308 3480 1568 3568; x_wconf 83' lang='lat' dir='ltr'><strong>virique</strong></span> <span class='ocrx_word' id='word_1_199' title='bbox 1621 3476 1917 3566; x_wconf 76' lang='lat' dir='ltr'><strong>pastores</strong></span> <span class='ocrx_word' id='word_1_200' title='bbox 2140 3476 2385 3544; x_wconf 84' lang='lat' dir='ltr'><strong>erebro</strong></span> 
     </span>
     <span class='ocr_line' id='line_1_29' title="bbox 479 3593 2388 3686; baseline -0.002 -21"><span class='ocrx_word' id='word_1_201' title='bbox 479 3595 854 3686; x_wconf 76' lang='lat' dir='ltr'><strong>admodum</strong></span> <span class='ocrx_word' id='word_1_202' title='bbox 912 3593 1201 3661; x_wconf 81' lang='lat' dir='ltr'><strong>clamant</strong></span> <span class='ocrx_word' id='word_1_203' title='bbox 1260 3618 1298 3660; x_wconf 89' lang='lat' dir='ltr'><strong>e</strong></span> <span class='ocrx_word' id='word_1_204' title='bbox 1357 3594 1738 3686; x_wconf 85' lang='lat' dir='ltr'><strong>longinquo</strong></span> <span class='ocrx_word' id='word_1_205' title='bbox 1764 3643 1783 3678; x_wconf 87' lang='lat'>‚</span> <span class='ocrx_word' id='word_1_206' title='bbox 1843 3616 2070 3685; x_wconf 86' lang='lat' dir='ltr'><strong>neque</strong></span> <span class='ocrx_word' id='word_1_207' title='bbox 2120 3597 2388 3664; x_wconf 71' lang='lat' dir='ltr'><strong>enimus</strong></span> 
     </span>
     <span class='ocr_line' id='line_1_30' title="bbox 480 3711 2394 3804; baseline -0.004 -18"><span class='ocrx_word' id='word_1_208' title='bbox 480 3717 618 3786; x_wconf 85' lang='lat' dir='ltr'><strong>sert</strong></span> <span class='ocrx_word' id='word_1_209' title='bbox 787 3723 1027 3782; x_wconf 82' lang='lat' dir='ltr'><strong>eontra</strong></span> <span class='ocrx_word' id='word_1_210' title='bbox 1067 3716 1203 3802; x_wconf 88' lang='lat' dir='ltr'><strong>ire;</strong></span> <span class='ocrx_word' id='word_1_211' title='bbox 1252 3711 1448 3781; x_wconf 80' lang='lat' dir='ltr'><strong>valde</strong></span> <span class='ocrx_word' id='word_1_212' title='bbox 1486 3716 1670 3780; x_wconf 89' lang='lat' dir='ltr'><strong>enim</strong></span> <span class='ocrx_word' id='word_1_213' title='bbox 1717 3711 2001 3804; x_wconf 73' lang='lat' dir='ltr'><strong>pallidus</strong></span> <span class='ocrx_word' id='word_1_214' title='bbox 2033 3715 2244 3782; x_wconf 88' lang='lat' dir='ltr'><strong>timor</strong></span> <span class='ocrx_word' id='word_1_215' title='bbox 2271 3734 2394 3779; x_wconf 89' lang='lat' dir='ltr'><strong>oc·</strong></span> 
     </span>
     <span class='ocr_line' id='line_1_31' title="bbox 484 3829 2398 3926; baseline -0.004 -23"><span class='ocrx_word' id='word_1_216' title='bbox 484 3851 723 3926; x_wconf 81' lang='lat' dir='ltr'><strong>eupat:</strong></span> <span class='ocrx_word' id='word_1_217' title='bbox 934 3829 1023 3900; x_wconf 84' lang='lat' dir='ltr'><strong>fic</strong></span> <span class='ocrx_word' id='word_1_218' title='bbox 1078 3833 1323 3899; x_wconf 84' lang='lat' dir='ltr'><strong>horum</strong></span> <span class='ocrx_word' id='word_1_219' title='bbox 1375 3834 1636 3900; x_wconf 88' lang='lat' dir='ltr'><strong>nemini</strong></span> <span class='ocrx_word' id='word_1_220' title='bbox 1678 3837 1937 3900; x_wconf 80' lang='lat' dir='ltr'><strong>animus</strong></span> <span class='ocrx_word' id='word_1_221' title='bbox 1982 3835 2057 3900; x_wconf 86' lang='lat' dir='ltr'><strong>in</strong></span> <span class='ocrx_word' id='word_1_222' title='bbox 2095 3831 2398 3924; x_wconf 85' lang='lat' dir='ltr'><strong>pectori-</strong></span> 
     </span>
    </p>

    <p class='ocr_par' dir='ltr' id='par_1_3' title="bbox 361 3948 2398 4168">
     <span class='ocr_line' id='line_1_32' title="bbox 361 3948 2398 4044; baseline -0.002 -25"><span class='ocrx_word' id='word_1_223' title='bbox 361 3992 370 4000; x_wconf 95' lang='lat'><strong>·</strong></span> <span class='ocrx_word' id='word_1_224' title='bbox 483 3954 608 4026; x_wconf 75' lang='lat' dir='ltr'><strong>bus</strong></span> <span class='ocrx_word' id='word_1_225' title='bbox 652 3952 945 4026; x_wconf 79' lang='lat' dir='ltr'><strong>audebat</strong></span> <span class='ocrx_word' id='word_1_226' title='bbox 1070 3967 1310 4019; x_wconf 84' lang='lat' dir='ltr'><strong>contra</strong></span> <span class='ocrx_word' id='word_1_227' title='bbox 1361 3954 1463 4018; x_wconf 86' lang='lat' dir='ltr'><strong>ire</strong></span> <span class='ocrx_word' id='word_1_228' title='bbox 1496 3951 1883 4019; x_wconf 79' lang='lat' dir='ltr'><strong>Menelaum</strong></span> <span class='ocrx_word' id='word_1_229' title='bbox 1917 3951 2132 4044; x_wconf 80' lang='lat' dir='ltr'><strong>gloria</strong></span> <span class='ocrx_word' id='word_1_230' title='bbox 2166 3990 2202 4006; x_wconf 90' lang='grc'>-</span> <span class='ocrx_word' id='word_1_231' title='bbox 2242 3948 2398 4018; x_wconf 84' lang='lat' dir='ltr'><strong>sub-</strong></span> 
     </span>
     <span class='ocr_line' id='line_1_33' title="bbox 362 4066 2395 4168; baseline -0.001 -32"><span class='ocrx_word' id='word_1_232' title='bbox 362 4092 454 4163; x_wconf 84' lang='lat'><strong>7⁰</strong></span> <span class='ocrx_word' id='word_1_233' title='bbox 493 4069 739 4168; x_wconf 59' lang='lat' dir='ltr'><strong>bmem.</strong></span> <span class='ocrx_word' id='word_1_234' title='bbox 879 4072 1111 4138; x_wconf 85' lang='lat' dir='ltr'><strong>&#39;Tunc</strong></span> <span class='ocrx_word' id='word_1_235' title='bbox 1153 4071 1431 4163; x_wconf 85' lang='lat' dir='ltr'><strong>quidem</strong></span> <span class='ocrx_word' id='word_1_236' title='bbox 1467 4071 1665 4141; x_wconf 84' lang='lat' dir='ltr'><strong>facile</strong></span> <span class='ocrx_word' id='word_1_237' title='bbox 1718 4070 2081 4150; x_wconf 76' lang='lat' dir='ltr'><strong>abstuliffet</strong></span> <span class='ocrx_word' id='word_1_238' title='bbox 2136 4066 2395 4159; x_wconf 79' lang='lat' dir='ltr'><strong>inclyta</strong></span> 
     </span>
    </p>

    <p class='ocr_par' dir='ltr' id='par_1_4' title="bbox 407 4188 1780 4263">
     <span class='ocr_line' id='line_1_34' title="bbox 407 4188 1780 4263; baseline 0.003 -7"><span class='ocrx_word' id='word_1_239' title='bbox 407 4188 616 4257; x_wconf 86' lang='lat' dir='ltr'><strong>Hom.</strong></span> <span class='ocrx_word' id='word_1_240' title='bbox 632 4191 720 4261; x_wconf 74' lang='grc' dir='ltr'><strong>ΙΙ.</strong></span> <span class='ocrx_word' id='word_1_241' title='bbox 745 4190 816 4258; x_wconf 89' lang='lat' dir='ltr'><em>V</em></span> <span class='ocrx_word' id='word_1_242' title='bbox 810 4192 902 4258; x_wconf 80' lang='grc' dir='ltr'><strong>οἱ.</strong></span> <span class='ocrx_word' id='word_1_243' title='bbox 919 4191 1046 4258; x_wconf 85' lang='grc' dir='ltr'><em>ΙΙΙ.</em></span> <span class='ocrx_word' id='word_1_244' title='bbox 1633 4191 1701 4263; x_wconf 89' lang='lat' dir='ltr'>D</span> <span class='ocrx_word' id='word_1_245' title='bbox 1732 4190 1780 4260; x_wconf 89' lang='lat' dir='ltr'><strong>d</strong></span> 
     </span>
    </p>
   </div>
   <div class='ocr_carea' id='block_1_3' title="bbox 293 2499 312 2538">
    <p class='ocr_par' dir='ltr' id='par_1_5' title="bbox 293 2499 312 2538">
     <span class='ocr_line' id='line_1_35' title="bbox 293 2499 312 2538; baseline 0 0"><span class='ocrx_word' id='word_1_246' title='bbox 293 2499 312 2538; x_wconf 63' lang='grc' dir='ltr'>ἲ</span> 
     </span>
    </p>
   </div>
  </div>
 </body>
</html>
