2834 4900
687 180 2193 266 HVIVSEDITIONIS.
2412 205 2483 258 ct

349 378 819 480 478—484.
863 374 1136 452 ductus
1179 390 1469 466 tamen,
1518 367 1573 448 fi
1618 370 1821 451 bene
1865 373 2221 467 memini,
2270 388 2486 448 erant

351 500 644 604 paullo
689 502 1039 576 maiores

587 703 810 780 Idem
855 701 1126 778 Codex
1170 698 1405 778 habet
1444 698 1747 780 Scholia
1776 700 2105 802 antiqua,
2148 723 2478 803 quorum

373 793 909 926 praestantiam
968 850 1066 898 ex
1119 819 1645 924 speciminibus
1689 827 2015 898 enotatis
2054 827 2293 923 prima
2341 819 2480 897 sta·

382 949 528 1020 tim
588 943 1051 1056 inspectione
1111 942 1485 1035 intellexi3
1556 940 2027 1047 persuasique
2102 940 2325 1017 facile
2380 944 2475 1020 V.

385 1065 498 1142 C1.
557 1066 698 1140 Ge.
740 1068 990 1142 Henr.
1040 1064 1430 1145 Νὸἢάεη,
1476 1083 1662 1141 tunc
1705 1064 2100 1141 Seminarii
2146 1061 2477 1166 philolo·

383 1191 536 1287 gici
599 1185 900 1278 Sodali,
988 1202 1071 1258 vt
1130 1203 1378 1260 totum
1428 1185 1775 1282 codicem
1828 1185 2291 1279 conferret„
2328 1210 2477 1257 vna

389 1333 566 1404 cum
615 1305 972 1397 Scholiis;
1027 1330 1206 1381 cum
1253 1309 1337 1379 in
1379 1311 1635 1405 primis
1677 1310 2003 1382 maxime
2054 1304 2290 1398 soliis,
2344 1304 2479 1379 ad-

381 1426 704 1504 modum
780 1430 1087 1518 attritis,
1149 1425 1451 1501 litterae
1507 1423 1740 1504 effent
1794 1427 2167 1503 euanidae
2229 1431 2336 1506 ita
2397 1446 2478 1503 vt

383 1554 509 1623 vix
572 1546 858 1652 affequi
913 1544 1144 1621 verba
1196 1545 1501 1640 liceret,
1583 1546 1679 1623 ab
1712 1546 2266 1624 .humaniffuno
2315 1552 2472 1623 viro

383 1673 618 1770 petii,
683 1689 769 1746 vt
825 1666 1082 1746 saltem
1133 1693 1227 1745 ea
1296 1666 1783 1766 describeret,
1850 1697 2051 1776 quae
2116 1669 2269 1772 legi
2318 1665 2476 1746 fine

378 1787 721 1868 molestia
768 1787 1087 1893 possent.
1235 1788 1740 1894 Descripserat
1782 1799 1973 1870 meis
2015 1796 2210 1869 votis
2264 1779 2479 1867 obse-

383 1930 669 2011 quutus
735 1910 1044 1988 Scholia
1096 1914 1390 2012 integra
1447 1911 2012 2015 rhapsodiamm
2080 1925 2168 1995 Δ.
2235 1923 2322 1996 Τ.
2380 1924 2474 1996 Τ.

390 2040 488 2112 Φ.
557 2042 642 2108 X.
703 2055 904 2132 quae
968 2028 1207 2103 statim
1263 2030 1422 2106 vidi
1476 2058 1656 2107 cum
1702 2033 1954 2136 Schol,
2018 2036 2212 2110 Ven.
2254 2037 2333 2108 Β.
2397 2054 2479 2111 et

394 2145 595 2247 Lips.
636 2150 722 2220 in
766 2136 1153 2246 plerisque
1204 2152 1662 2239 conuenire,
1706 2174 1801 2223 ex
1840 2152 2097 2226 Schol.
2151 2157 2336 2228 Ven.
2383 2156 2476 2230 A.

387 2287 651 2342 tamen
707 2263 1076 2374 nonnulla
1141 2262 1430 2348 habete
1489 2263 1818 2360 Scholia,
1880 2266 1937 2343 fi
1988 2294 2151 2345 non
2208 2272 2307 2350 ab
2348 2300 2483 2370 ea.-

392 2390 576 2465 dem
620 2411 894 2477 manu,
956 2412 1106 2490 qua
1154 2381 1312 2488 ipsa
1363 2385 1589 2483 11188,
1647 2407 1853 2465 certe
1888 2416 1945 2473 a
2002 2370 2232 2471 manu
2285 2399 2482 2473 eius-

395 2510 575 2587 dem
615 2511 791 2584 aeui
830 2504 994 2582 sunt
1044 2527 1368 2584 exarata.
1471 2512 1679 2586 Inter
1717 2511 1957 2589 lineas
2009 2513 2178 2592 sunt
2205 2500 2476 2597 adscriss

386 2651 525 2738 pta
571 2630 718 2705 alia
766 2655 813 2703 a
855 2624 1180 2706 secunda
1245 2647 1323 2704 et
1385 2634 1610 2706 tertia
1665 2657 1931 2728 manu,
1989 2657 2303 2745 Vtraque
2356 2670 2473 2722 re-

387 2756 768 2843 centiore,
869 2776 1068 2852 quae
1102 2750 1469 2854 pleraque
1521 2748 1682 2827 [unt
1735 2755 2101 2858 vulgaria,
2193 2769 2473 2864 partim

383 2901 654 2978 parum
704 2860 970 2947 docta.
1012 2897 1079 2945 v.
1136 2898 1204 2949 c.
1242 2871 1341 2946 ad
1389 2872 1481 2965 A,
1535 2873 1632 2949 65
1679 2877 1882 2950 inter
1919 2878 2241 2959 lineam:
2308 2895 2473 2968 ὅκα.

390 2991 672 3095 τὸμβη,
721 2995 966 3073 τελεία
1015 2993 1251 3075 θυσία.
1303 3027 1346 3085 n
1319 2982 1474 3073 δι’
1519 2991 1764 3075 εκωτδν
1806 2996 1993 3088 βοῦν
2041 3008 2362 3103 γινομένη.
2430 3000 2476 3097 ἢ

395 3110 638 3198 ἑκατὸν
679 3108 1111 3215 νομισμάτων
1157 3107 1356 3216 ἀξία.
1406 3119 1468 3195 οἱ
1506 3111 1653 3222 ’γάρ
1701 3120 2004 3202 παλαιοὶ
2063 3123 2237 3216 βοῦν
2291 3125 2471 3230 ἔχω’.

392 3268 640 3342 gaece»
678 3240 764 3316 ἔν.
785 3232 891 3345 τζὸ
938 3241 1346 3338 νᾳμίσμοιτι.,

594 3419 1017 3499 Maluifl’em
1055 3421 1212 3525 ipse
1254 3424 1609 3501 codicem
1657 3444 1836 3505 ante
1876 3429 2147 3507 oculos
2190 3434 2476 3517 habere

398 3570 562 3649 per·
611 3568 844 3619 omne
917 3560 1250 3651 tempus,
1349 3547 1562 3650 quod
1637 3548 1723 3621 in
1805 3550 2474 3639 obseruationibus

405 3663 967 3765 conscribendis
1045 3683 1121 3741 et
1211 3669 1475 3745 critica
1546 3665 1974 3753 lectionum
2049 3680 2472 3758 exercenda

411 3805 806 3863 exacturus
851 3810 1094 3877 eram3
1179 3790 1575 3867 enimuero
1636 3788 1791 3869 hoc
1856 3794 2162 3873 vetabat
2208 3800 2474 3904 pudor

407 3930 640 3999 meus,
703 3931 805 3983 ne
855 3906 1306 3984 humanitati
1364 3913 1983 4017 incomparabilis
2057 3922 2232 4015 viri,
2342 3916 2483 4026 qui
2594 3956 2603 3967 ·

417 4025 779 4106 Codicem
828 4032 1294 4134 impertierat
1360 4029 1948 4135 inspiciendum,
2007 4066 2276 4143 parum
2332 4041 2478 4121 hu·
2518 4090 2581 4190 l

406 4149 732 4226 maniter
771 4149 1226 4253 respondere
1274 4151 1604 4246 viderem
1655 4157 1939 4259 itaque,
1998 4160 2323 4242 collecta
2361 4168 2485 4243 iir-
