2834 4900
493 292 578 360 58
874 274 1276 349 1L1A1313
1321 252 1509 345 m'B.
1555 274 1666 345 ιιι
1708 296 1769 347 v.
1802 283 2195 353 201-233‚
2282 322 2287 327 .

668 484 851 540 runt.
1036 464 1357 534 Ascendit
1393 471 1624 559 itaque
1652 466 2000 554 Priamus,
2078 495 2158 537 ac
2192 472 2341 538 lora
2380 476 2582 540 traxit

670 584 1074 660 retrorsumz
1207 590 1527 677 iuxtaque
1583 609 1737 654 eum
1782 590 2100 657 Antenor
2146 589 2579 682 pet-pulcrum

667 708 971 777 ascendit
1021 716 1311 774 currum.
1440 700 1545 772 Illi
1600 710 1835 800 vtique
1894 724 2019 799 per
2058 709 2300 776 Scaeas
2335 732 2591 836 porcas

663 833 749 898 in
802 848 1109 916 campum
1154 822 1538 916 dirigebant
1572 823 1845 892 v'eloces
1890 850 2124 919 equos,

846 945 939 1011 At
978 942 1093 1011 vbi
1135 947 1268 1010 iam
1309 960 1651 1012 venerunt
1678 944 1763 1012 ad
1791 944 2130 1013 Troianos
2164 964 2233 1013 et
2257 946 2581 1029 Achiuos,

507 1072 637 1143 265
677 1090 756 1134 ex
832 1066 1022 1156 equis
1090 1060 1572 1130 descendentes
1628 1067 1703 1130 in
1765 1080 2017 1131 terram
2064 1062 2377 1148 almam,'
2510 1069 2589 1135 in

675 1185 974 1257 medium
1027 1180 1490 1249 Troianorum
1542 1199 1611 1249 et
1650 1182 2066 1251 Achiuorum
2108 1178 2589 1275 processerunt.

674 1302 974 1374 Surrexit
1036 1315 1261 1368 autem
1326 1298 1541 1367 statim
1578 1298 1847 1368 'deinde
1904 1324 2019 1369 rex
2074 1306 2371 1372 virorum
2413 1306 2595 1396 Aga-

675 1432 1044 1504 memnon,
1250 1418 1531 1487 surrexit
1576 1422 1808 1488 etiam
1876 1415 2134 1512 Viyss'es
2172 1409 2436 1517 ὁ,ΓοῙειιινᾲς
2522 1441 2594 1491 at

677 1561 1090 1635 praecones,
1171 1535 1519 1629 conspicui
1685 1562 1805 1607 res
1832 1542 2246 1633 neceffan'as
2305 1544 2409 1609 ad
2442 1543 2597 1609 soe-
2635 1634 2643 1652 Ι

680 1663 843 1728 dera
879 1656 1014 1725 fida
1052 1657 1336 1726 deorum
1378 1657 1748 1749 cogebant,
1806 1674 2063 1727 cratere
2101 1678 2323 1728 autem
2363 1665 2598 1729 vinum

511 1790 640 1878 ‘270
683 1776 1082 1856 miscebant3
1153 1797 1233 1841 ac
1287 1774 1556 1866 regibus
1602 1799 1843 1868 aquam
1886 1774 2080 1870 supra
2120 1776 2355 1847 manus
2396 1764 2602 1849 sude-

681 1913 862 1967 runt.
1036 1893 1310 1961 Atrides
1360 1918 1563 1978 vero,
1641 1894 1936 1962 districto
1986 1898 2292 1966 manibus
2352 1900 2604 1982 cultro,

685 2020 808 2111 qui
863 2016 927 2081 ei
983 2010 1069 2079 ad
1126 2010 1292 2079 ensis
1348 2036 1655 2105 magnam
1695 2020 2003 2106 vaginam
2044 2008 2302 2111 semper
2340 2019 2609 2109 pende-

687 2138 843 2218 bat,
1012 2154 1342 2224 agnorum
1402 2154 1484 2198 ex
1534 2133 1863 2223 capitibus
1921 2134 2196 2209 abscidit
2240 2119 2452 2228 pilos'3
2530 2154 2610 2205 et

691 2256 806 2325 e'os
859 2248 1089 2343 postea
1266 2272 1640 2343 praecones
1678 2238 2139 2320 Troianorum
2188 2270 2257 2321 et
2299 2254 2606 2323 Achiuo-

517 2380 646 2471 275
692 2396 840 2442 rum
887 2369 1375 2438 distribuerunt
1418 2362 1857 2463 principibus,
2032 2373 2225 2439 Ince‘r
2267 2398 2384 2440 eos
2414 2364 2606 2443 ⁸vero

686 2491 957 2562 Atrides
1000 2488 1132 2555 alta
1161 2510 1334 2555 voce
1363 2483 1804 2578 precabatur,
1866 2492 2172 2559 manibus
2207 2491 2513 2559 sublatis=

793 2635 796 2640 ·
855 2608 1174 2700 „Iupiter
1229 2622 1458 2698 pater,
1533 2612 1677 2701 qui
1707 2605 1791 2676 ab
1844 2609 1963 2676 Ida
2001 2611 2335 2701 imperas,
2397 2631 2608 2703 augu-

691 2727 988 2811 stiffime,
1059 2729 1380 2811 maxime,
1511 2723 1808 2819 Solque,
1873 2731 1991 2820 qni
2032 2734 2262 2797 omnia
2299 2709 2603 2828 adspicis,

694 2865 766 2919 et
825 2848 1055 2916 omnia
1121 2843 1349 2929 audis,
1498 2873 1501 2874 ⁷
1568 2861 1637 2914 et
1677 2845 2018 2933 Flumina,
2088 2865 2158 2916 et
2192 2848 2461 2933 Tellus,
2536 2867 2609 2919 et

696 2970 812 3063 qui
869 2966 986 3034 sub
1034 2984 1222 3032 terra
1271 2979 1581 3078 mortuos
1638 3043 1645 3046 ,
1750 2966 2051 3035 homines
2095 2961 2417 3059 punitis‚‘
2455 2967 2610 3062 qui-

522 3087 651 3160 280
697 3107 968 3178 cunque
1019 3087 1384 3175 periurium
1447 3088 1805 3170 iurauerit,
1978 3108 2100 3155 vos
2144 3085 2336 3155 testes
2375 3086 2605 3172 estote,

698 3220 766 3272 et
808 3193 1201 3270 conseruate
1250 3193 1495 3271 foedus
1551 3202 1845 3275 fidume'
1931 3205 2004 3274 Si
2050 3208 2325 3299 quidem‘
2362 3206 2611 3274 Mene-

691 3322 873 3390 laum
914 3320 1294 3390 Alexander
1331 3322 1783 3408 interfecerit,
1912 3324 2053 3416 ipse
2095 3323 2420 3416 deinceps
2463 3325 2610 3393 He·-

695 3440 917 3508 lenam
973 3443 1311 3526 retineto,
1381 3458 1450 3508 et
1496 3464 1661 3534 opes
1709 3423 1979 3535 omnes·
2155 3458 2286 3512 nos
2324 3463 2487 3513 vero
2533 3447 2613 3513 in.

688 3559 976 3627 nauIbu's
1025 3547 1375 3627 redeamus
1427 3551 1783 3651 pontum·
1746 3553 2363 3634 -transeuntibusz'
2508 3561 2608 3632 sm

687 3685 916 3744 'autem
981 3675 1438 3745 Alexandrum
1492 3669 1939 3749 interfecerit
1959 3683 2172 3750 flauus
2225 3678 2604 3788 Menelaus,

522 3797 678 3867 285
688 3791 974 3862 Troiani
1011 3789 1250 3863 exinde
1284 3795 1616 3864 Helenam
1653 3816 1722 3866 et
1756 3825 1921 3891 opes
1958 3822 2193 3918 omnes
2227 3779 2601 3888 reddunto,

689 3912 969 3980 multam
1012 3937 1174 3984 vero
1221 3916 1490 4007 Argiuis
1545 3918 1945 4032 pendunto,
2008 3939 2209 4012 quam
2250 3920 2599 3997 conuenit,

686 4054 996 4126 quaeque
1059 4038 1256 4101 etiam
1301 4029 1605 4127 posteros
1648 4042 1826 4106 inter
1867 4017 2178 4107 homines
2214 4031 2303 4105 fit
2345 4059 2605 4102 memo-

647 4167 871 4221 ram.
1011 4153 1135 4223 Sin
1178 4147 1412 4225 autem'
1449 4151 1614 4226 mihi
1646 4155 1935 4228 multam·
1976 4139 2301 4228 Priamfis
2312 4143 2606 4224 Priami·
