2834 4900
401 211 572 314 ..ἧς
756 225 985 305 ·--1v.
1076 222 1265 302 DE
1363 210 2207 308 svsssnnls-

1053 415 1108 446 ”
1151 415 1436 494 Codex
1478 409 1890 511 Econenfis

373 593 378 600 ·
488 537 953 619 seruaturin
978 533 1461 610 Bibliotheca
1501 532 1831 635 Collegii
1871 532 2093 632 Regii
2139 523 2563 605 Etonenfis:

481 651 1166 750 membranacens‚'·
1228 654 1740 756 fragmentum
1805 651 2074 729 Jliadis
2140 649 2276 724 lib.
2338 653 2395 723 Ι.
2467 653 2566 723 ΙΙ.
2718 731 2725 740 ,

487 783 791 858 111.·1V.
857 780 946 854 V.
1005 779 1262 861 1-84
1323 800 1480 877 quo
1538 776 1697 847 iam
1754 772 2188 847 Bentleium
2220 768 2422 843 vsum
2460 768 2575 842 le-

491 907 946 1000 ctionesque
992 892 1364 988 enotaffe,
1391 955 1392 958 ,
1418 893 1636 994 supra
1670 896 1997 969 monuiz·
2038 888 2167 964 etsi
2202 889 2336 965 ille
2379 889 2575 964 vltra

406 1067 410 1072 ,
490 1023 774 1098 librum
830 1016 1242 1091 secundum
1298 1011 1723 1117 progress'us
1786 1011 1936 1086 ess'e
1986 1009 2197 1088 haud
2245 1009 2571 1085 videtur.

491 1146 686 1217 Sunt
736 1161 1050 1239 quoque
1079 1142 1190 1210 .in
1232 1159 1328 1210 eo
1382 1133 1725 1226 Scholia,
1760 1158 1887 1206 ex
1945 1130 2223 1207 ordine
2279 1153 2574 1225 eorum,

493 1284 698 1365 quae
743 1282 919 1335 cum
974 1245 1231 1332 Schol.
1273 1258 1580 1333 Veneto
1626 1258 1708 1342 B,
1763 1255 2267 1342 conueniunt,
2310 1254 2579 1353 itaque

493 1378 790 1457 Townl.
832 1374 1024 1477 Lips.
1081 1379 1514 1477 ceterisque
1581 1378 1798 1477 paria
1847 1373 2015 1448 fere
2079 1391 2156 1446 et
2221 1390 2573 1472 cognata.

495 1503 1027 1578 Nan-ationem
1090 1495 1189 1571 de
1243 1496 1398 1569 hoc
1462 1495 1749 1572 codice
1810 1493 2023 1568 dedit
2089 1489 2421 1567 Nohden
2477 1492 2580 1568 de

495 1600 896 1720 Porphyrii
929 1614 1247 1692 Scholiis
1293 1642 1370 1715 p.
1410 1616 1511 1690 56
1538 1612 1679 1717 sq..
1792 1613 2159 1688 Eiusdem·
2189 1617 2326 1686 viri
2370 1611 2582 1689 docti

487 1736 902 1836 ‘industriae
966 1755 1044 1809 et
1096 1740 1468 1812 amicitiae
1539 1734 1785 1810 debeo
1854 1752 1935 1808 et
1991 1735 2162 1812 Var.
2228 1736 2440 1807 Lect.
2502 1751 2584 1808 et

489 1858 833 1955 Scholia.
872 1856 1273 1955 Specimen
1325 1853 1630 1930 Codicis
1673 1877 1846 1929 aere
1889 1849 2303 1953 express'um
2349 1850 2451 1928 est
2497 1857 2586 1928 in
2698 1853 2709 1868 '

503 1980 700 2056 Tab.
738 1982 825 2053 E.
875 1974 966 2052 Π.
1008 1977 1087 2065 Β,
1152 2003 1379 2073 ι-7,
1435 1993 1515 2050 et
1554 1973 1867 2076 78,3-5.
1908 1976 1993 2045 In
2029 1971 2329 2064 Scholii,
2374 1974 2590 2073 quod

499 2079 610 2177 ‘est
674 2125 771 2175 ex
821 2093 1137 2173 Scholiis
1201 2093 1454 2169 Classis
1514 2091 1913 2182 secundae,
2008 2090 2253 2167 verbis
2314 2091 2591 2170 vltimis

506 2216 758 2296 versus
811 2209 1185 2318 expressus
1234 2211 1338 2288 est
1375 2226 1465 2308 Ξ,
1512 2214 1666 2289 358
1732 2204 1885 2317 ἴφς’
1946 2211 2049 2292 ἔτι
2093 2202 2260 2294 εὕδει
2308 2207 2486 2294 Zetis:

716 2353 1169 2455 Comparaui
1228 2373 1538 2454 quoque
1587 2352 2013 2452 Specimina
2088 2349 2439 2432 codicum
2493 2374 2593 2425 ex

510 2496 656 2553 vna
690 2474 812 2549 vel
857 2473 1090 2546 altera
1131 2470 1520 2569 rhapsodia
1573 2469 2149 2573 descriptorum:
2217 2456 2448 2574 quod?
2476 2491 2588 2547 ta·

503 2619 692 2675 ‚men
728 2617 922 2679 non,
967 2586 1105 2662 nifi
1162 2614 1394 2695 opera
1448 2588 1783 2664 vniuersa
1839 2588 2085 2682 finita,
2155 2589 2598 2668 faciendum·

511 2712 702 2790 mihi
746 2706 892 2785 ess'e
935 2706 1222 2799 censui,
1280 2734 1456 2782 cum
1490 2712 1642 2781 iam
1683 2735 1989 2784 omnem
2029 2736 2319 2786 morem
2358 2711 2593 2787 vsum-

514 2856 670 2937 que
734 2829 1088 2905 codicum
1146 2854 1319 2904 cum
1391 2833 1738 2904 variantis
1794 2829 2141 2906 lectionis
2203 2851 2591 2931 prouentu.

507 2951 876 3035 haberem
919 2967 1188 3023 notum
1236 2975 1328 3025 ac
1371 2948 1878 3050 perspectum;
1918 2957 2031 3026 lta
2084 2970 2335 3026 autem
2370 2936 2593 3028 intel-

459 3122 464 3126 ·
516 3075 709 3164 lexi,
749 3070 981 3169 longe
1031 3067 1237 3144 aliud
1293 3065 1554 3144 haberi
1612 3075 1849 3155 animi,
1898 3071 2293 3163 iudicium,
2350 3069 2421 3146 fi·
2443 3077 2596 3147 iam

518 3192 1129 3298 qualemcunque
1164 3187 1760 3267 codicum-vrum
1806 3209 1885 3266 et
1920 3217 2269 3293 magnam
2328 3191 2596 3269 lectio-

518 3318 639 3389 nis
691 3315 1033 3385 variantis
1072 3309 1517 3411 farraginem
1557 3309 1957 3387 collectam
1996 3309 2307 3405 habeas,
2367 3339 2601 3415 quam

522 3432 582 3512 fi
624 3437 821 3534 quis,
864 3431 1208 3506 nondum
1248 3428 1372 3504 vsu
1413 3430 1769 3507 codicum
1822 3429 2155 3507 imbutus
2229 3432 2596 3508 lectiones

529 3553 814 3653 colligit
851 3570 981 3624 aut
1022 3577 1070 3627 e
1115 3551 1383 3628 codice
1425 3550 1683 3653 aliquo
1727 3576 1853 3626 eas
1882 3527 2365 3645 transibi-ibin
2413 3552 2601 3628 huic

525 3677 730 3750 enim
787 3690 1144 3746 notantur
1219 3668 1544 3773 singulae
1601 3670 2006 3767 lectione3‚
2056 3696 2253 3775 quae
2309 3672 2407 3746 ab
2470 3698 2598 3747 ex-

515 3792 870 3895 emplari,
919 3790 1129 3893 quod
1171 3796 1251 3864 in
1295 3794 1539 3865 manu'
1574 3791 1839 3886 habet,
1865 3865 1869 3868 ,
1895 3794 2354 3893 discrepant,
2412 3777 2597 3868 mes·

520 3911 826 4015 femque
865 3913 1046 3986 inde
1091 3911 1331 3986 aufert
1382 3913 1857 4012 opulentam:
1915 3912 2047 3992 etfi
2100 3911 2357 4017 paullo
2409 3908 2594 4016 post,

520 4034 644 4109 'vbi
688 4034 786 4107 de
826 4025 948 4105 i'rl'u
986 4057 1239 4106 earum
1279 4029 1601 4132 dispicit,
1643 4034 2092 4138 plerumque
2135 4033 2377 4108 ‘multo
2425 4034 2595 4134 plus

499 4160 754 4234 inanis
778 4148 1082 4257 paleae,
1118 4153 1586 4257 quamoquod
1612 4160 1690 4230 in
1714 4160 2056 4261 granario
2082 4154 2401 4234 recondi
2431 4152 2594 4265 pos-
