2834 4900
462 215 550 294 34
835 196 1232 266 tLlAnls
1287 198 1477 267 Lm.
1526 198 1751 275 1V..v.
1796 207 2172 291 207-—232

629 407 820 460 arcus
877 378 1132 499 peritus
1150 436 1169 474 ,
1385 411 1427 454 e
1478 380 1795 455 Troiani!-
1848 386 1955 458 vel
1996 366 2261 480 Lydus:
2342 380 2546 483 'quod

615 510 728 576 -illi
769 505 1044 601 quidem
1087 504 1337 598 gloria,
1400 507 1612 577 nobis.
1652 523 1875 575 autem
1919 507 2208 577 luctus.“
2368 532 2374 537 ⁴

751 650 771 660 “
801 627 917 695 Sive
959 626 1156 714 dixit3
1187 652 1190 659 ·
1217 624 1378 692 huic
1411 612 1578 694 llero
1621 629 1918 693 animum
1946 630 2021 693 in
2047 644 2327 718 pectore
2355 653 2546 698 com-

637 750 880 818 mouit.
1010 743 1457 831 Pbrrexerunt
1496 761 1721 812 autem
1760 747 1863 811 ire
1899 768 2024 835 per
2061 748 2361 833 turbam,
2422 772 2549 841 per

471 894 599 945 210
638 868 1001 937 exercitum
1063 857 1274 928 latum
1340 863 1797 945 Achiuorum3
2007 886 2088 931 ac
2147 890 2359 958 quum
2413 868 2551 934 iam

638 979 1092 1084 perueniss'ent
1110 1028 1130 1063 ,
1216 979 1333 1047 vbi
1385 980 1599 1049 flauus
1639 980 1989 1051 Menelaus
2158 983 2550 1051 vulneratus

588 1111 607 1132 ⁶
639 1108 902 1181 fuerat,
958 1101 1345 1190 circumque
1385 1098 1598 1189 ipsum
1632 1105 2022 1193 ‘congregati
2057 1108 2251 1169 erant
2294 1106 2556 1194 quique

641 1214 1201 1317 praestantissimi,
1319 1234 1585 1285 torona
1610 1236 1645 1268 ‘-
1666 1197 1879 1305 facta‚
1938 1218 2052 1285 iile
2094 1240 2256 1289 vero
2294 1223 2368 1287 in
2408 1244 2556 1287 me-

646 1342 776 1411 diis
815 1335 1024 1407 stabat
1066 1334 1336 1402 diuinus
1379 1337 1517 1404 vir:
1700 1339 2012 1427 protinus·
2053 1340 2287 1430 vtique
2324 1361 2365 1418 e
2409 1339 2558 1406 bal-

644 1478 763 1530 teo
826 1456 1004 1524 bene
1030 1477 1063 1513 ·-
1092 1462 1323 1546 aptato
1397 1457 1676 1521 extraxit
1735 1454 2053 1546 sagittam.
2229 1457 2329 1523 Ea
2383 1481 2552 1526 vero

651 1579 815 1647 dum
851 1573 1344 1656 extraheretur,
1403 1589 1590 1640 retro
1633 1577 1894 1641 curuati
1933 1575 2086 1643 funt
2127 1580 2307 1643 acuti
2348 1577 2555 1645 hami.

479 1704 612 1774 215*
649 1694 873 1765 Soluit
921 1711 1132 1784 porro
1186 1690 1309 1781 ipfi
1363 1689 1661 1758 balteum
1698 1696 2143 1784 variegatam,
2219 1710 2289 1761 et
2323 1694 2559 1763 subtus

650 1817 1083 1902 cinctumque
1098 1858 1119 1893 ,
1180 1822 1249 1875 et
1280 1806 1594 1875 laminam
1610 1844 1635 1893 ⁴,
1703 1833 1904 1901 quam
1949 1815 2186 1879 aerarii
2228 1813 2563 1881 cuderant

646 1932 852 2018 fabri;
1030 1942 1234 2019 atque
1284 1926 1400 1994 vbi
1437 1926 1810 2018 inspexerat
1851 1929 2124 2012 vulnus,
2203 1956 2345 2022 quo
2385 1936 2557 1998 inci-

653 2052 848 2119 derat
914 2045 1155 2113 acerba
1207 2043 1481 2137 sagitta,
1641 2045 1962 2137 sanguine
2002 2048 2306 2130 educto,
2377 2050 2558 2118 lenia

649 2167 1145 2240 medicamenta
1187 2166 1446 2254 peritus
1573 2162 1872 2256 insperfit
1889 2212 1909 2247 ‚
1951 2187 2125 2257 quae
2167 2169 2309 2233 eiua
2332 2190 2555 2258 quon-

652 2288 809 2358 dam
845 2285 1024 2377 patri
1065 2285 1314 2349 amicus
1348 2282 1660 2372 praebuit
1691 2283 1978 2353 Chiron.

483 2433 613 2486 220
819 2403 1008 2472 Dum
1064 2400 1139 2468 hi
1179 2405 1493 2493 occupati
1537 2418 1728 2469 erant
1770 2404 1948 2470 circa
1988 2400 2170 2471 bello
2215 2403 2555 2473 strenuum

648 2518 1038 2596 Menelaum
1054 2567 1075 2602 ,
1202 2520 1477 2585 interim
1509 2520 1970 2588 Troianorum
2008 2521 2283 2589 ordines
2317 2525 2553 2592 admo-

650 2639 988 2710 vebantur
1030 2634 1519 2725 clypeatorum.
1687 2636 1783 2703 Hi
1826 2653 2050 2704 autem
2094 2657 2333 2708 contra
2375 2664 2557 2710 arma

649 2757 1026 2829 induerunt
1041 2802 1061 2838 ‚
1152 2769 1222 2819 et
1287 2753 1625 2822 recordati
1693 2754 1848 2823 funt
1904 2778 2194 2848 pugnae.
2318 2791 2325 2798 ·
2356 2760 2558 2828 Tunc

649 2897 803 2946 non
871 2871 1347 2940 dormitantem
1413 2872 1674 2942 vidiss'ea
1702 2875 2309 2966 -Agamemnonem
2354 2881 2555 2947 nobi—

651 2994 786 3063 lem
801 3040 820 3076 ,
984 3011 1211 3081 neque
1248 2989 1702 3081 trepidantem
1719 3042 1740 3077 ‚
1799 3017 2028 3086 neque
2069 2996 2555 3068 detrectantem

482 3115 613 3188 225
639 3117 991 3206 'pugnare3
1159 3106 1275 3175 sed
1344 3108 1541 3181 valde
1596 3131 2076 3204 properantem
2130 3140 2426 3207 pugnarn
2479 3121 2567 3185 in·

649 3227 1021 3323 gloriosam.
1149 3225 1381 3318 Equos
1427 3229 1704 3319 quidem
1744 3235 1923 3301 enim
1964 3232 2204 3302 dimifit
2218 3283 2239 3319 ‚
2295 3254 2367 3303 et
2400 3259 2553 3303 cur-

648 3359 800 3418 rum'
842 3349 1099 3417 varium
1142 3367 1330 3423 aeret
1465 3362 1537 3414 et
1576 3349 1703 3417 hoa
1739 3350 2015 3441 quidem
2048 3352 2341 3420 minister
2369 3352 2555 3421 seor-

649 3467 792 3535 l'um
825 3464 1106 3534 tenebat
1142 3463 1531 3533 anhelante-a
1655 3465 2097 3559 Eurymedon
2115 3518 2136 3553 ‚
2187 3469 2362 3538 filius
2384 3472 2551 3539 Pto-

647 3585 888 3653 lemaei
926 3583 1265 3655 Pirai’daez
1393 3584 1555 3651 huic
1595 3584 1956 3677 plurimum
1997 3586 2343 3655 mandauit
2384 3612 2552 3679 pro-

483 3708 610 3781 230
649 3727 739 3796 pe
808 3702 877 3770 l'e
937 3725 1175 3770 currus
1225 3717 1501 3790 tenere,
1588 3700 1639 3772 fi
1696 3705 1973 3798 quando
2033 3705 2247 3797 ipsum
2422 3732 2550 3798 per

645 3821 945 3891 membra
986 3836 1349 3912 occuparet
1391 3820 1820 3913 defatigatio,
1887 3822 2135 3892 multos
2175 3827 2549 3893 obeuntem

649 3962 720 4008 ec
760 3941 1291 4031 imperitantem3
1420 3954 1505 4008 at·
1539 3939 1680 4030 ipse
1722 3940 1933 4032 pedea
1976 3940 2209 4012 obibat
2247 3945 2571 4029 lustrans·

647 4035 922 4132 ordines
957 4060 1254 4130 virorum
1274 4110 1296 4146 ‚
1456 4072 1527 4128 et
1567 4079 1742 4150 quoa
1780 4058 2058 4150 quidem
2096 4079 2546 4155 properantes
