2834 4900
451 225 569 276 tm
711 203 885 277 111..
940 203 1097 278 DE
1175 199 1754 309 §CHOLIIQ
1811 198 2280 276 LEXICIS
2322 251 2378 261 ω

276 478 283 493 ¹
452 380 652 479 lent,
724 394 1224 491 grammatici,
1290 412 1392 463 ne
1435 383 1570 488 ipfi
1616 384 1926 489 quidem
1977 392 2328 462 notiones
2376 412 2537 463 cer·

458 528 571 582 tas
628 506 960 585 habuisse
1010 508 1379 583 videntur.
1535 505 1684 581 Alii
1751 504 2148 613 artificium
2186 513 2533 584 carminis

460 627 845 705 declarare
886 630 1321 724 voluerunt,
1374 652 1637 702 verum
1692 625 2066 726 exigendo
2119 626 2385 729 poesin
2438 628 2537 702 ad

458 726 838 826 rhetorica
890 768 1326 851 praecepta,
1383 773 1450 821 v.
1510 772 1576 821 c.
1636 743 1874 819 statim
1930 745 2029 820 ad
2070 750 2155 838 A,
2201 749 2374 823 366.
2436 752 2539 824 Vt

463 887 723 945 tamen
769 897 915 947 neo
956 870 1056 944 de
1093 869 1207 943 his
1236 868 1419 943 mihi
1449 866 1699 955 multis
1732 866 2105 967 agendum
2132 866 2251 961 fit,
2296 873 2541 943 otium

464 986 722 1107 fecere
764 995 897 1065 viri
928 990 1147 1066 docti
1187 987 1397 1090 supra
1423 992 1842 1097 memorati.

673 1114 871 1189 Cum
916 1135 1143 1184 omne
1185 1109 1336 1183 hoc
1372 1116 2023 1207 giammatieorum
2055 1104 2376 1181 studium
2421 1105 2546 1185 seu

458 1235 813 1308 ‘criticum
876 1229 1000 1305 seu
1058 1233 1553 1330 exegeticum
1588 1253 1728 1331 per
1783 1225 2063 1328 singula
2105 1226 2205 1303 de
2247 1225 2545 1332 lingulis

466 1350 658 1427 Iocis
716 1350 1012 1453 scripta,
1083 1370 1247 1425 turn
1304 1348 1405 1424 ad
1464 1346 1744 1449 lingula
1798 1372 2073 1449 genera
2131 1366 2209 1422 et
2249 1348 2549 1451 rhapso-

468 1470 669 1565 dias„
723 1491 1072 1571 exactum
1114 1469 1231 1563 fit,
1292 1469 1482 1546 nihil
1515 1487 1878 1571 perpetua
1924 1468 2174 1571 aliqua
2203 1550 2210 1567 Ι
2235 1491 2556 1546 annota-

471 1597 722 1685 tione',
762 1593 1004 1669 multo
1040 1598 1287 1666 minus
1332 1588 1434 1663 ad
1476 1608 1724 1663 totum
1765 1614 2107 1664 carmen:
2187 1588 2552 1668 deuenire

474 1700 890 1814 aliquando
938 1709 1234 1788 necesse
1264 1709 1409 1785 fuit
1465 1707 1563 1781 ad
1625 1708 2093 1785 enotandum
2156 1728 2234 1784 et
2285 1709 2554 1788 adscri-

470 1831 814 1907 bendum
867 1837 992 1907 vni
1050 1830 1300 1908 codici
1353 1829 1608 1930 plures
1658 1832 2183 1904 annotationes
2227 1829 2555 1909 diuerso·

475 1978 645 2029 rum
708 1957 1402 2053 grammaticorum;
1481 1972 1808 2050 cumque
1878 1948 2031 2023 hoc
2100 1974 2239 2049 per
2298 1952 2552 2053 plures

473 2086 769 2152 aetates
797 2068 1281 2176 proceffiss'et,
1323 2068 1632 2144 tandem
1663 2066 1968 2141 subnata
2001 2066 2163 2143 sunt
2197 2095 2289 2146 ea
2319 2074 2557 2152 Scho-

473 2193 579 2269 lia
626 2192 964 2271 miscella
1023 2195 1481 2294 antiquiora,
1559 2214 1605 2263 e
1659 2188 1929 2290 quibus
1996 2214 2137 2264 nos
2191 2189 2555 2271 habemus

477 2334 831 2417 excerpta
874 2314 1109 2390 modo
1170 2313 1513 2413 pleniora
1570 2308 1806 2384 modo
1856 2316 2214 2410 pauciora
2265 2333 2342 2386 et
2400 2322 2557 2405 exi,

473 2435 701 2528 liora,
762 2455 993 2537 prout
1044 2432 1371 2523 iudicio,
1437 2435 1596 2505 otio
1660 2449 1791 2503 aut
1843 2427 2084 2505 studio
2129 2428 2225 2508 vfi
2267 2418 2433 2508 sunt
2474 2441 2550 2532 ii,

478 2561 616 2655 qui
662 2573 795 2629 aut
834 2551 1136 2631 codices
1184 2548 1473 2624 nostros
1508 2568 1638 2622 aut
1677 2552 2160 2653 exemplaria,
2200 2555 2397 2631 vnde
2442 2560 2553 2634 illi

474 2674 821 2776 exscripti
858 2672 1059 2765 sunt,
1114 2675 1687 2748 concinnarunt.
1794 2671 2088 2770 Quibus
2133 2697 2239 2768 *ex
2279 2677 2552 2776 ordine

474 2795 604 2871 sua
626 2805 995 2896 'tempora
1030 2790 1382 2892 affigmre
1422 2789 1644 2880 velle,
1685 2794 1911 2866 inane
1951 2789 2273 2868 studium
2312 2795 2548 2876 foret:

369 2906 375 2928 '
474 2916 721 2991 multo
765 2920 1033 3014 magis,
1094 2938 1268 2988 cum
1309 2909 1415 2983 illi
1463 2909 1842 2985 omiserint
1896 2919 2206 2987 nomina
2264 2943 2552 3015 eorum,

473 3062 524 3111 e
574 3035 845 3140 quibus
880 3032 1186 3134 “fingula
1238 3029 1600 3132 descripta
1645 3029 1838 3123 sunt,
1899 3052 1976 3105 vt
2015 3035 2430 3134 promiscue
2468 3047 2551 3118 in

469 3156 793 3234 Scholiis
838 3153 1260 3232 habeantur
1307 3155 1764 3254 antiquiora,
1816 3170 1896 3226 et
1936 3151 2240 3249 seriora3
2289 3163 2577 3266 itaque·

474 3302 624 3355 nee
671 3276 768 3352 de
813 3293 1058 3351 aetate
1103 3297 1366 3350 eorum
1404 3277 2092 3373 grammaticorum,
2136 3284 2270 3383 qui
2304 3286 2390 3360 in
2426 3288 2552 3361 iis-

474 3396 654 3474 dem
701 3395 1135 3512 laudantur,
1187 3395 1374 3473 certi
1422 3390 1705 3496 aliquid
1762 3392 2028 3498 liquet.

536 3595 540 3600 .
606 3559 621 3606 c
672 3507 1356 3616 Grammaticorum
1423 3547 1714 3621 autem,
1789 3535 1921 3632 ¹qui
1991 3539 2074 3609 in
2127 3536 2551 3616 Homerum

444 3637 964 3731 commentati
1009 3649 1154 3729 effe
1182 3670 1728 3741 memorantur,
1773 3671 1850 3726 et
1878 3657 1959 3728 in
1996 3658 2084 3730 iis
2116 3653 2282 3756 ipfia
2309 3657 2549 3734 Scho-

468 3773 622 3863 liis,
673 3799 867 3877 quae
912 3772 1012 3848 ad
1062 3777 1203 3848 n'os
1244 3772 1529 3874 perlata
1571 3768 1769 3864 sunt,
1824 3771 2261 3868 laudantur,
2302 3782 2549 3854 incre·

470 3893 720 3969 dibilis
762 3892 864 3969 est
909 3918 1300 3985 numerus,
1326 3896 1423 3969 ‚in
1458 3890 1771 3970 Fabricii
1809 3893 2157 3998 Biblioth.
2197 3923 2304 3996 gr.
2334 3898 2543 3975 Harl.

467 4014 691 4091 facile
765 4013 862 4089 ad
958 4002 1104 4091 01,ss
1206 4017 1518 4089 nomina
1611 4035 2027 4091 memorata
2108 4038 2544 4121 compute53

466 4163 617 4213 neo
703 4155 999 4242 tamen·
1046 4160 1184 4233 eos
1264 4133 1405 4209 ad·
1467 4154 1714 4211 totum
1799 4139 2234 4214 Homerum
2339 4166 2549 4216 com·
