2834 4900
707 264 1114 332 rLlADIS
1175 259 1507 328 LIB.11.
1584 258 2047 347 v.596--621.
2304 260 2393 346 47

503 459 631 523 rim
681 453 1074 520 Threicium
1131 454 1485 541 priuarunt
1536 464 1737 516 cantu
1763 447 1801 529 ,’
1917 471 1996 514 ex
2072 433 2391 518 Oechalia

501 577 886 642 venientem
907 620 926 655 ,
1008 569 1089 636 ab
1159 570 1425 659 Euryto
1499 563 1945 636 Oechalienfi:
2076 568 2393 636 afferebat

510 696 694 758 enim
735 687 1210 781 gloriabundus
1253 686 1320 754 se
1363 684 1728 752 relaturum
1771 686 2117 751 victoriam
2136 737 2154 769 ,
2200 687 2247 753 fi
2289 688 2395 755 vel

511 810 695 901 ipsae
811 805 1037 874 Musae
1103 820 1464 884 canerent,
1538 803 1717 870 filiae
1779 803 1960 868 Iouis
2035 803 2393 894 Aegiochi:

523 944 593 994 at
647 923 795 994 illae
835 928 1042 994 iratae
1095 947 1369 992 caecum
1426 922 1735 989 fecerunt
1755 970 1772 1002 ‚
1849 920 1963 988 sed
2007 936 2076 986 et
2130 941 2395 991 cantum

337 1050 474 1117 600
518 1046 814 1113 diuinum
859 1044 1293 1130 ademerunt,
1338 1057 1406 1109 et
1449 1038 2123 1108 obliuisci-fecerunt
2158 1059 2398 1111 artem.

509 1163 1214 1254 pulsandi-citharam.
1395 1161 1519 1226 His
1571 1181 1781 1249 porro
1824 1175 2133 1249 praeerat
2184 1162 2400 1256 Gere-

507 1286 661 1350 nius
717 1303 924 1372 eques
986 1278 1263 1359 Neston
1390 1302 1543 1346 cum
1597 1301 1681 1345 eo
1742 1294 1966 1345 autem
2028 1285 2399 1375 nonaginta
2514 1345 2523 1364 ,

514 1423 719 1468 cauae
763 1415 972 1465 naues
1018 1396 1260 1464 ordine
1302 1395 1909 1486 proficiscebantur.

686 1520 826 1607 Qui
868 1533 1090 1583 autem
1129 1515 1454 1583 tenebant
1490 1515 1843 1582 Arcadiam
1862 1565 1881 1599 ,
1927 1512 2046 1583 sub
2087 1516 2403 1609 Cyllenea

511 1654 818 1704 montem
860 1634 1088 1718 altum,
1204 1636 1571 1726 Aepytium
1602 1656 1823 1724 prope
1863 1653 2398 1720 monumentum,

344 1758 473 1827 605
514 1758 625 1823 vbi
671 1757 798 1824 vin·
847 1758 1622 1844 cominus-pugnantes:
1753 1753 1871 1843 qui
1923 1751 2405 1847 Pheneumque

512 1873 900 1942 incolebant
928 1924 946 1956 ,
1038 1890 1108 1940 et
1161 1873 1668 1939 Orchomenum
1723 1868 2155 1961 pecorosum,
2288 1873 2443 1939 ni„

515 2015 787 2082 penque
805 2041 823 2074 ,
867 1993 1294 2079 Stratienque
1312 2039 1331 2073 ,
1386 2003 1456 2057 et
1487 1986 1829 2056 ventosam
1864 1989 2163 2078 Enispen
2184 2038 2204 2073 ,
2339 2006 2412 2057 et

517 2108 817 2195 Tegeam
892 2106 1218 2191 tenebant
1245 2153 1264 2187 ‚
1377 2120 1453 2169 et
1530 2106 1947 2170 Mantineam
2031 2126 2403 2188 amoenam,

525 2219 1126 2312 Stymphalumque
1196 2220 1525 2287 tenebant
1543 2268 1562 2302 ,
1649 2235 1719 2284 et
1784 2219 2164 2285 Parrhafien
2237 2224 2410 2289 cole-

525 2340 728 2408 bant:
860 2340 1106 2405 horum
1159 2336 1531 2428 imperabat
1579 2337 1835 2404 Ancaei
1872 2334 2045 2402 filius
2087 2360 2202 2404 rex
2242 2339 2415 2429 Aga-

351 2468 486 2532 διο
531 2483 754 2551 penor
875 2457 1204 2548 sexaginta
1247 2457 1580 2528 nauibus:
1658 2455 1852 2522 multi
1901 2470 2124 2522 autem
2166 2460 2241 2551 in
2292 2481 2416 2528 na..

524 2600 676 2645 vem
719 2596 1248 2667 vnamquamque
1359 2575 1653 2642 Arcades
1695 2580 1820 2643 viri
1862 2575 2409 2664 conscenderant,

523 2697 725 2787 periti
766 2695 1248 2763 rei-militaria.
1409 2693 1554 2784 Ipse
1599 2698 1778 2761 enim
1822 2698 1917 2771 eis
1958 2693 2235 2765 dederat
2274 2698 2415 2771 Rex

519 2814 820 2882 virorum
883 2815 1352 2903 Agamemnon
1494 2837 1702 2882 naues
1754 2813 1983 2882 bene-
2008 2817 2411 2908 naustratas,

519 2949 594 3000 vt
637 2929 1148 2999 transfretarent
1202 2931 1398 3022 super
1460 2935 1726 3024 nigrum
1766 2951 2088 3023 pontum,
2229 2940 2414 3006 Atri-

523 3052 698 3121 dest
783 3054 1107 3142 quoniam
1171 3073 1320 3119 non
1397 3048 1547 3142 ipsu
1611 3074 1717 3120 res
1783 3056 2150 3123 maritimae
2223 3077 2414 3127 erant

533 3192 746 3236 curae.
2318 3246 2331 3257 ⁴

360 3289 495 3362 615
631 3336 640 3341 -
705 3290 845 3375 Qui
883 3302 1104 3355 autem
1145 3286 1664 3382 Buprafiumque
1710 3307 1779 3357 et
1813 3290 2075 3356 Elidem
2113 3294 2415 3367 nobilem

493 3384 955 3492 habitabant,
1100 3424 1427 3499 quantum
1482 3416 1640 3499 agri
1685 3408 2019 3501 Hyrmine
2071 3424 2139 3475 et
2180 3410 2417 3502 Myrfi..

527 3550 674 3597 nus·
706 3540 1068 3609 extrema,-
1148 3525 1481 3619 Petraque
1540 3524 1785 3594 Olenia
1807 3576 1825 3609 ‚
1893 3542 1961 3593 et
2000 3525 2271 3595 Alifium
2312 3535 2419 3599 in.

525 3661 637 3713 tua
674 3630 1003 3727 continet,
1132 3643 1374 3712 horum
1401 3647 1631 3735 vtique
1659 3638 1950 3735 quatuor
1970 3642 2172 3713 duces
2204 3666 2416 3734 erant,

532 3767 765 3833 decem
807 3782 971 3832 vero
1003 3765 1220 3835 virum
1259 3772 1804 3855 vnumq'uemque
1941 3786 2146 3833 naues
2186 3767 2421 3860 seque-

263 3967 268 3972 ,
530 3883 778 3950 bantur
805 3872 1103 3967 veloces,
1153 3880 1480 3975 multique
1528 3904 1645 3950 eas
1679 3880 2201 3952 conscenderant
2226 3885 2417 3976 Epei.

369 4002 497 4068 620
534 4001 658 4068 His
697 4000 970 4094 quidem
1003 4002 1519 4093 Amphimachus
1568 4018 1637 4069 et
1673 4001 1996 4092 Thalpius
2039 4018 2416 4093 praeerant,

540 4118 692 4205 filii,
781 4121 948 4188 alter
1003 4121 1278 4211 quidem
1340 4121 1561 4190 cteati
1583 4171 1601 4207 ,
1680 4119 1848 4191 alter
1905 4135 2126 4188 autem
2181 4122 2422 4215 Euryti
