2834 4900
297 96 460 183 ’48'
658 97 1064 167 ILIADIS
1129 82 1322 193 LJB.
1355 98 1479 167 XI.
1537 118 1600 164 v,
1640 86 2024 167 103-130‘.

477 289 554 353 in
598 307 737 356 vno
780 310 982 355 curru
1038 287 1318 356 stantes:
1388 285 1642 355 nothus
1705 284 1983 377 quidem
2042 285 2399 379 aurigaba-

319 460 350 495 .·
477 419 616 490 tur,
786 407 1126 499 Antiphns
1169 422 1393 473 autem
1435 404 1781 497 pugnabat
1832 402 2161 495 inclytus:
2198 427 2402 496 -quos

321 524 445 595 105
489 524 654 593 olim
683 525 976 594 Achilles
1143 526 1303 592 Idae
1344 529 1418 592 in
1476 526 1647 616 iugis
1707 522 1940 614 ligauit
1993 527 2245 590 teneris
2296 524 2435 594 vi-'

486 644 808 730 minibus,
980 644 1327 738 pascentes
1372 644 1555 734 apud
1598 666 1764 710 oues
1806 658 2080 726 nactus»,
2124 659 2205 729 et,
2234 643 2403 710 libe·

486 765 666 829 rauit
717 767 962 855 pretio,
1134 736 1272 831 Iam
1330 787 1494 832 vero
1540 761 1812 828 Atrides
1870 760 2003 827 late
2058 746 2400 854 imperans
2492 762 2509 769 ”

490 880 963 971 Agamemnon
1152 880 1407 959 horum
1491 881 1775 948 alterum
1852 881 2128 972 quidem
2209 880 2410 972 supra

491 1022 849 1073 mammam
895 1002 980 1070 ad
1017 1020 1256 1094 pectus
1300 1001 1615 1093 percussit
1649 990 1886 1086 hasta3'
2028 998 2413 1090 Antiphutn

499 1134 726 1189 autem
776 1123 863 1190 ad
907 1147 1135 1190 aurem
1208 1124 1393 1190 feriit
1458 1122 1609 1188 ense
1633 1168 1654 1202 ‚
1723 1119 2103 1209 deiecitque
2155 1143 2194 1187 a
2256 1142 2411 1185 cur-

333 1254 457 1301 uo
496 1259 599 1304 ru.
765 1242 819 1307 F
822 1240 1103 1310 estinans
1147 1265 1309 1311 vero
1356 1242 1438 1306 iis
1497 1236 1890 1305 detrahebat
1926 1259 2109 1303 arma
2149 1236 2438 1326 pulcra,-

502 1342 912 1446 agnoscens:⁴
957 1364 1208 1429 etenim
1247 1359 1423 1451 ipsos
1458 1373 1656 1425 antea
1697 1355 1880 1446 apud
1909 1377 2116 1423 naues
2164 1356 2418 1422 celeres

502 1475 786 1565 viderat,
823 1481 1099 1573 quando
1144 1504 1256 1547 eos
1298 1503 1377 1547 ex
1422 1476 1540 1544 Ida
1578 1476 1856 1543 duxerat
1898 1474 2186 1567 pedibus
2218 1473 2418 1543 velox

502 1595 818 1667 Achilles.
988 1602 1177 1668 Sicut
1227 1616 1453 1666 autem
1496 1574 1608 1665 leo
1664 1617 1905 1663 cernae
1959 1591 2212 1662 velocis
2262 1616 2421 1684 par-

507 1715 701 1783 vulos
739 1719 1064 1809 hinnulos
1227 1717 1427 1785 iacile
1470 1714 1864 1805 confringit,
1914 1730 2266 1802 correptos
2304 1736 2424 1781 va-

350 1829 473 1900 115
510 1829 665 1900 lidis
697 1836 1068 1920 flentibus,
1241 1838 1522 1906 veniens
1577 1833 1663 1902 ad
1722 1832 2030 1916 lustrum,
2088 1848 2427 1900 teneram-

513 1974 651 2042 que
703 1954 855 2045 ipsu
913 1960 1203 2023 animam
1261 1934 1527 2036 aufert3
1695 1952 1812 2019 illa
1866 1975 2030 2020 vero
2060 2000 2079 2035 ,
2117 1954 2429 2042 quamuis

513 2068 682 2139 adfit
719 2074 913 2143 valde
941 2086 1207 2167 'pi-ope,
1265 2099 1414 2144 non
1469 2071 1693 2164 potest
1749 2071 1903 2162 ipfis
2072 2070 2432 2161 opitular13

510 2188 696 2258 illam
745 2197 925 2262 enim
963 2197 1170 2288 ipsam
1213 2214 1474 2262 tremor
1514 2194 1876 2260 vehemens
1901 2170 2132 2272 ¹subitg
2263 2213 2435 2260 con·-

516 2308 869 2405 festimque
938 2314 1124 2407 fugit.
1168 2340 1294 2407 per
1374 2327 1697 2404 querceta
1767 2308 1969 2376 densa
2040 2325 2111 2376 et
2178 2307 2435 2400 fyluam

518 2427 872 2520 festinans,
916 2433 1195 2520 sudans,
1236 2430 1581 2503 violentae
1641 2430 1826 2500 ferae
1880 2443 2166 2521 propter
2222 2430 2436 2520 impe-

356 2565 480 2622 220
523 2563 709 2619 tum:
880 2551 970 2620 fic
1026 2553 1154 2619 illis
1218 2575 1425 2619 nemo
1485 2550 1718 2642 potuit
1783 2571 2012 2614 arcere
2062 2551 2437 2638 perniciem

526 2689 607 2732 ex
647 2669 966 2736 Troianis
989 2718 1008 2752 ‚
1064 2669 1181 2736 sed
1231 2686 1301 2736 et
1341 2669 1465 2760 ipsi
1519 2668 1602 2734 ab
1661 2667 1934 2759 Argiuia
1990 2666 2436 2757 pellebantur.

521 2785 742 2855 Porro
805 2790 1310 2879 Agamemnon
1378 2786 1913 2877 Pisandrumque
1976 2801 2046 2851 et
2094 2785 2441 2877 Hippolo-

526 2905 727 2975 chum
777 2906 1050 2995 fortem,
1223 2908 1401 2975 filios
1457 2908 1847 2974 Antimachi
1923 2904 2261 2984 bellicofi‚
2321 2908 2441 2995 qui

522 3024 954 3114 potiffimum,
1131 3050 1298 3095 auro
1343 3028 1428 3094 ab
1453 3025 1839 3093 Alexandro
1885 3039 2191 3113 accepte,
2220 3023 2442 3114 splen-

362 3142 486 3230 1,ιό
529 3141 703 3210 didis
722 3148 1010 3231 scilicet
1052 3146 1275 3232 donis,
1450 3170 1599 3214 non
1643 3143 1898 3212 finebat
1935 3127 2271 3210 Troianos
2296 3142 2441 3238 He-

523 3260 748 3329 lenam
808 3265 1097 3334 reddere
1148 3268 1327 3336 flauo
1386 3263 1749 3350 Menelao;
1938 3262 2136 3330 huius
2211 3263 2445 3352 vtique

530 3379 705 3448 duos
743 3377 919 3452 filios
956 3389 1135 3478 cepit
1176 3410 1294 3454 rex
1333 3386 1833 3478 Agamemnon,
1981 3382 2058 3447 in
2100 3405 2240 3451 vno
2289 3403 2444 3446 cur-

524 3523 609 3569 ru
688 3502 974 3589 stantes,
1056 3505 1378 3595 simulque
1457 3503 1746 3595 agebant
1834 3498 2101 3570 veloces
2188 3521 2440 3589 equos:

525 3643 688 3687 nam
731 3623 812 3688 iis
858 3646 938 3687 ex
987 3624 1296 3691 manibus
1355 3624 1671 3715 fugerant
1724 3619 2029 3687 habenae
2082 3617 2370 3685 artificio
2408 3653 2447 3678 .

525 3738 767 3821 factae,
940 3758 1145 3834 atque
1202 3767 1285 3810 eo
1347 3742 1600 3811 turbati
1649 3740 1839 3807 sunt:
1910 3742 2146 3829 itaque
2209 3743 2287 3803 in
2331 3758 2447 3802 eos

366 3859 488 3929 130
534 3875 776 3926 contra
818 3863 993 3940 ruit,
1042 3886 1167 3928 ceu
1205 3842 1350 3947 leo,
1522 3857 1815 3951 Anides,
1900 3857 1960 3928 li
2004 3880 2169 3930 vero
2220 3878 2257 3926 a
2295 3878 2451 3944 cuij-

530 4002 611 4047 ru
650 3977 984 4074 supplices
1031 3981 1350 4052 orabant:
