2834 4900
439 174 592 247 ΕΤ
649 169 1329 247 GLOSSARHS
1388 171 1512 241 IN
1574 164 2196 243 HOMERVM.
2296 191 2483 243 mv

392 366 918 461 excerpantur.
1065 353 1544 432 Desidet-ium
1584 354 1863 432 codicis
1914 380 2098 430 mox
2143 354 2490 437 leuatum

364 473 543 556 'vidi
572 485 852 581 “partim
899 478 1303 581 specimine
1347 476 1538 552 libri=
1557 478 1782 550 XXII.
1811 481 2084 579 partim
2124 482 2237 566 iis,
2286 504 2491 581 quae

390 596 914 700 Wass'enberg.
960 605 1043 674 in
1088 598 1410 676 Scholiis
1457 596 1588 672 lib.
1628 599 1664 670 I
1717 615 1794 670 et
1843 600 1934 670 Π.
1989 597 2270 674 Jliados
2291 625 2488 703 pro·

387 722 675 796 tulerat
721 724 1130 822 (Franequ.
1190 720 1405 816 1783.
1449 720 1569 809 8.)
1627 736 1789 790 tum
1833 720 2258 819 Specimine
2295 720 2486 799 libb.
2533 804 2540 811 ,

396 868 444 916 a
496 838 900 917 Villoisono
952 838 1378 943 propolim,
1431 857 1512 914 et
1552 836 1871 917 Scholiis
1911 840 2306 916 Marcianis
2350 843 2488 921 ad·

306 991 311 997 ·
392 968 639 1052 iect03
732 959 1136 1062 multoque
1191 964 1426 1061 magis
1481 963 1868 1062 Excerptis
1933 960 2098 1036 aliis
2156 952 2402 1040 MSS.
2434 990 2489 1041 e

210 1182 225 1199 ι
312 1190 323 1197 .
398 1084 574 1158 cod.
633 1079 986 1159 Vomano
1043 1108 1285 1159 manui
1326 1087 1473 1159 Iac.
1525 1084 1808 1182 Gogeri
1857 1082 2105 1176 factis,
2177 1110 2379 1186 quae
2439 1110 2492 1160 e

400 1203 866 1283 bibliotheca
905 1206 1309 1282 Burmanni
1346 1209 1428 1277 in
1468 1202 2006 1279 bibliothecam
2035 1206 2491 1307 Gottingen-

402 1325 558 1401 sem
633 1341 1173 1426 peruenerant3
1242 1350 1486 1426 pauca
1557 1327 1760 1400 enim
1839 1325 1993 1399 vidi
2056 1350 2488 1418 occurrere,

401 1471 607 1551 quae
654 1471 817 1520 non
865 1449 963 1519 in·
1000 1449 1277 1521 ceteris
1338 1449 1500 1519 eius
1553 1443 1783 1521 claffis
1845 1445 2273 1537 codicibus,
2328 1445 2493 1549 ple·

400 1592 731 1670 rumque
771 1565 1152 1669 pleniora,
1194 1565 1642 1641 habeantur.
1762 1566 2067 1645 Codicis
2105 1565 2492 1647 Leidenfis

404 1688 713 1766 Scholia
750 1688 1067 1763 in'libro
1109 1690 1368 1764 xxm.
1415 1687 1801 1765 deficiunt.

613 1829 963 1912 Occurrit
1012 1831 1098 1900 in
1144 1832 1272 1922 iia,
1329 1846 1408 1903 et
1467 1834 1551 1902 in
1592 1827 1845 1905 Schol.
1893 1825 2306 1907 Morcuenr·
2350 1820 2495 1903 nb-

404 1972 593 2023 men
648 1952 1107 2049 grammatici
1161 1948 1579 2050 Σεναχειςῖμ
1592 2007 1616 2043 ,
1667 1954 1880 2025 cuius
1935 1951 2238 2026 Scholia
2296 1975 2495 2027 non-

414 2067 630 2139 nulla
672 2067 939 2141 iisdem
973 2066 1244 2140 inserta
1289 2066 1473 2144 sunt.
1572 2068 1891 2143 Videtur
1927 2070 2058 2145 ille
2087 2076 2290 2146 circa
2315 2072 2498 2153 Sae-

354 2222 363 2229 ·
425 2183 687 2259 culum
748 2186 913 2264 ΧΠ.
973 2178 1231 2259 vixiss'e
1290 2209 1357 2256 v·
1408 2184 1694 2259 Villois.
1763 2204 1844 2260 et
1910 2212 2006 2259 ex
2060 2213 2156 2261 eo
2208 2188 2496 2265 Fabric-

421 2300 702 2379 Harles.
745 2301 912 2379 Vol.
950 2304 1008 2376 1.
1056 2329 1136 2404 p.
1179 2300 1355 2377 522.
1467 2308 1689 2402 Quae
1735 2301 2021 2399 seruata
2071 2304 2273 2398 sunt,
2339 2332 2501 2385 non

422 2451 782 2528 magnum
851 2421 1301 2501 desiderium
1369 2443 1692 2499 mouent
1763 2422 2230 2522 amiss'orum3
2336 2429 2503 2507 sunt
2625 2416 2634 2435 ’

430 2553 629 2624 enim
673 2572 719 2621 e
753 2571 1036 2648 genere
1074 2546 1241 2637 illo,
1279 2546 1493 2648 quod
1532 2545 2186 2624 sermocinantium
2227 2556 2311 2626 in
2336 2556 2500 2628 Ho-

398 2677 747 2762 'merum‚
798 2695 961 2743 non
1005 2671 1682 2744 commentantium
1738 2667 1865 2744 est.
1991 2669 2163 2745 Alia
2203 2672 2302 2749 de
2341 2674 2505 2752 hoc
2551 2751 2564 2760 ,

416 2790 693 2869 codice
755 2786 1102 2863 Leidenfi
1160 2814 1230 2860 v.
1285 2787 1637 2889 congesta
1694 2793 1776 2862 in
1835 2790 2155 2870 valken.
2213 2794 2496 2870 vineis.

416 2911 719 3013 Proleg.
762 2935 840 3013 p.
883 2912 1049 2988 XV.
1101 2907 1386 2986 Fabric.
1439 2908 1492 2991 l.
1552 2909 1605 2982 l.
1657 2936 1734 3012 p.
1793 2911 1971 3011 399.
2027 2913 2362 2991 Nohden
2417 2943 2499 3021 p.

435 3037 523 3109 r6
576 3030 612 3106 s
659 3085 679 3105 .

603 3057 1123 3228 cllliex'nineram
1199 3147 1460 3250 paullo
1517 3166 1698 3224 ante
1752 3145 2196 3252 Speciminis
2252 3155 2506 3229 Ever-

425 3276 615 3351 ardi
669 3276 803 3348 W
785 3263 1238 3371 affenbergh
1252 3323 1274 3361 ,
1334 3268 1547 3371 quod
1607 3267 2073 3372 inscriptum:
2168 3275 2509 3351 Homeri

374 3396 723 3471 ‘Jliadis
788 3392 974 3465 libri
1024 3394 1079 3465 I
1126 3408 1204 3463 et
1261 3393 1370 3464 ΙΙ.
1430 3392 1998 3492 Franequerae
2070 3397 2285 3492 1785.
2387 3403 2506 3472 Ex
2653 3385 2664 3396 ’

425 3516 858 3596 Valkenarii
929 3507 1311 3612 disciplina
1389 3509 1808 3612 profectus
1843 3517 1955 3587 vir
2021 3514 2506 3612 doctiffimus,

428 3637 735 3742 qualem
782 3634 967 3708 mihi
1004 3635 1248 3707 omnis
1282 3631 1505 3707 huius
1549 3651 1865 3709 conatus
1906 3641 2059 3711 mei
2095 3641 2176 3738 in
2225 3641 2510 3715 Home·

362 3759 375 3768 ’
430 3781 521 3833 ro
564 3750 848 3856 socium
890 3749 1229 3854 obtigisse
1266 3752 1697 3853 optandum
1748 3775 1941 3849 erat,
2012 3758 2509 3858 memorabile
2565 3842 2570 3848 ,

434 3879 834 3979 Specime'n
884 3893 1200 3952 conatus
1240 3873 1544 3951 Scholia
1595 3875 1883 3951 diuersa
1923 3881 2010 3954 in
2053 3883 2271 3953 mam
2304 3903 2511 3954 com·

442 3999 707 4099 pagem‘
748 3995 1207 4100 congerendi
1246 3996 1653 4097 proposuit.
1681 3983 1704 3996 ³
1754 3997 2185 4075 Valkenarii
2225 4000 2356 4074 ille
2387 4025 2516 4076 ex-

446 4118 731 4222 emplo,
806 4146 855 4198 e
930 4118 1143 4197 Codz·
1196 4116 1544 4196 Leidenfi
1611 4118 1918 4199 Scholia
1977 4119 2147 4195 libri
2196 4124 2229 4195 1
2290 4141 2368 4198 et
2420 4127 2524 4220 11.-
