2834 4900
460 254 549 336 46
817 235 1229 354 1t1Ams
1290 236 1484 306 Lm.
1526 241 1619 307 11.
1694 261 1757 309 v.
1786 240 2174 333 αῖς-595.

807 429 949 518 Qui
991 443 1214 496 autem
1253 428 1579 519 Mycenas
1631 431 1957 536 tenebant
1977 481 1996 516 ,
2059 434 2534 507 bene-eedifi-
2642 409 2685 473 l·

462 559 591 645 570
637 562 852 617 eatam
897 549 1158 631 vrbem,
1293 545 1817 639 opulentamque
1874 552 2276 622 Corinthum
2304 581 2361 637 ‚·
2403 558 2531 625 be·

538 667 547 676 ’
624 691 854 759 neque
903 667 1175 735 structae
1251 662 1582 747 Cleonas,
1723 667 2108 760 Orniaaque
2182 673 2524 760 colebant,

620 786 1237 878 Araethyreamque
1283 777 1673 865 amoenanu
1797 802 1866 852 et
1908 770 2326 880 Sicyonem,
2403 792 2527 859 vbi

622 905 935 973 Adrastus
966 907 1256 995 primum
1298 905 1645 992 regnauit3
1775 908 2029 997 quique
2053 908 2525 999 Hyperefiam-

621 1048 756 1116 que
801 1038 869 1090 et
914 1020 1226 1088 excelsam
1271 1020 1699 1104 Gonoaffam,
1831 1017 2285 1118 Pellenenque
2326 1045 2523 1098 tene-

452 1147 584 1234 575
623 1142 822 1223 bant,
904 1155 971 1205 et
1025 1140 1309 1231 Aegium
1377 1140 1801 1225 incolebant,
1935 1159 2009 1238 et
2063 1168 2187 1237 per
2243 1169 2519 1213 omnem

618 1282 808 1328 oram
879 1260 1312 1342 maritimam,
1386 1274 1457 1326 et
1515 1239 1686 1326 cifca
1771 1260 2056 1330 Helicen
2117 1261 2515 1352 ,spatiosamz

617 1376 865 1450 horum
908 1392 1178 1443 centum
1238 1377 1524 1445 nauibus
1571 1378 1941 1468 imperabat
2005 1402 2119 1446 rex
2157 1380 2518 1470 Agamem.-

614 1520 798 1577 non,
942 1495 1248 1565 Atrides:
1320 1494 1507 1564 fimul
1561 1497 1744 1564 hunc
1797 1496 2001 1589 longe
2055 1497 2382 1588 plurimae
2436 1514 2509 1567 et

614 1612 1187 1705 praestantiffimae
1308 1618 1546 1704 copiae
1580 1613 2063 1704 sequebantur;
2116 1614 2256 1705 ipse
2287 1633 2514 1684 autem

615 1736 795 1798 inter
857 1755 974 1798 eoa
1031 1731 1310 1798 indutus
1369 1747 1513 1798 erat
1581 1730 1934 1822 splendido
1978 1755 2167 1817 aere,
2295 1734 2511 1825 gloria

619 1850 914 1918 exultans
941 1899 960 1933 ,
1034 1849 1223 1941 quod
1284 1872 1518 1917 omnes
1592 1853 1768 1915 inter
1853 1849 2158 1917 elucebat
2227 1852 2467 1919 heroas
2487 1880 2507 1921 ε

444 1976 578 2045 580
620 1971 945 2062 quoniam
1008 1970 1324 2034 maximus
1371 1982 1515 2033 erat
1540 2015 1559 2051 ,
1628 1967 1966 2057 longeque
2019 1969 2339 2059 plurimas
2383 1969 2511 2041 du-

615 2087 809 2155 cebat
853 2089 1099 2177 copias».
2244 2177 2249 2182 ὗ

783 2207 920 2295 Qui
962 2221 1183 2273 autem
1222 2202 1549 2270 tenebant
1577 2201 1920 2269 montibus
1971 2201 2254 2271 clausam
2296 2205 2511 2274 Lace-

615 2328 947 2416 daemona
1020 2346 1364 2414 magnam,
1530 2322 1949 2412 Pharinque,
2036 2322 2500 2417 Spartamque,

607 2443 1197 2533 abundantemque
1262 2429 1589 2508 columbis
1650 2440 1919 2507 Meffam
1938 2491 1957 2523 ,
2112 2441 2504 2535 Bryfiasque

604 2560 1017 2643 habitabant,
1067 2575 1134 2625 et
1160 2561 1405 2648 Augias
1436 2580 1774 2639 amoenas,
1903 2562 2158 2649 quique
2184 2563 2497 2654 Amyclas

436 2684 566 2758 585
609 2680 954 2762 tenebant,
998 2674 1345 2766 Helosque
1385 2679 1782 2743 maritimam
1825 2674 2091 2760 vrbem,
2245 2685 2497 2774 quique

601 2800 790 2868 Laan
844 2795 1204 2878 tenebant,
1290 2810 1359 2861 et
1422 2792 1745 2885 Oetylum
1809 2795 2488 2871 circumhabitabant:

597 2921 845 2985 horum
889 2919 1029 2982 eius
1089 2914 1295 2980 frater
1349 2928 1656 3003 praeerat
1705 2912 1959 3003 praelio
2000 2913 2302 2985 strenuus
2344 2919 2495 2986 Me·-

595 3036 832 3107 nelaus
940 3032 1269 3123 sexaginta
1311 3033 1636 3113 nauibus;
1717 3029 2005 3098 seorsum
2063 3056 2222 3102 vero
2278 3061 2492 3105 arma..

596 3157 885 3233 bantur3
997 3155 1311 3242 interque
1352 3176 1467 3219 eos
1503 3149 1643 3240 ipse
1682 3149 1821 3217 ibat
1864 3149 1975 3217 sua
2016 3155 2307 3249 animosa
2357 3161 2490 3226 vir.

596 3290 745 3342 tute
786 3270 1020 3353 fretus,
1137 3270 1500 3337 adhortans
1545 3269 1631 3335 ad
1674 3268 1957 3350 bellum3
2000 3274 2279 3340 maxime
2324 3299 2484 3341 vero

427 3406 555 3493 59⁰
599 3392 912 3487 cupiebat
966 3391 1191 3457 animo
1314 3386 1535 3458 vlcisci
1591 3386 1893 3456 Helenae
1935 3404 2334 3482 mptumque
2369 3415 2487 3482 ge-

482 3524 488 3529 ’
591 3521 949 3603 minisque.
1241 3496 1244 3499 ’

763 3633 903 3720 Qui
956 3642 1178 3696 autem
1230 3624 1608 3718 Pylumque
1673 3624 2025 3710 colebant,
2103 3641 2173 3692 et
2208 3624 2485 3696 Arenen

592 3769 982 3830 amoenam,
1113 3761 1183 3812 et
1221 3745 1552 3836 Thryum,
1597 3744 1843 3836 Alphei
1886 3743 2151 3827 vadum,
2201 3762 2270 3811 et
2305 3745 2483 3812 bene

593 3870 1015 3941 aedificatum
1053 3864 1272 3955 Aepy,
1401 3880 1474 3932 et
1515 3863 2078 3954 Cypariffeentem
2098 3910 2117 3946 ,
2212 3880 2281 3929 et
2317 3865 2483 3955 Am·
2514 3942 2517 3945 ὴ

441 4012 458 4029 “
586 3990 966 4087 phigeniam
1003 3982 1429 4069 habitabant,
1549 3998 1617 4049 et
1646 3980 1983 4063 Pteleum,
2033 3997 2102 4048 et
2130 3982 2365 4064 Helos,
2410 4000 2480 4050 et

418 4119 549 4209 595
585 4115 897 4182 Dorion:
963 4103 1078 4177 vbi
1115 4107 1314 4171 etiam
1356 4102 1589 4171 Musae
1718 4117 2147 4168 occurrentes
2184 4102 2485 4193 Thamy-
