2834 4900
467 262 590 350 174
643 216 650 223 ’
813 234 1216 321 imatus
1269 248 1458 318 Lm.
1505 244 1710 320 vm.
1761 206 2165 345 vqs-7²3⁹.

621 466 840 513 rarum
863 489 882 523 ‚
1058 440 1164 506 ad
1200 439 1612 528 Gargarum,
1649 438 1763 508 vbi
1809 444 2036 531 vtique
2076 461 2227 509 erat
2262 444 2325 508 ei
2361 463 2520 534 aget

620 563 802 631 sacer
848 559 1188 650 altareque
1225 557 1620 625 odoratum:
1792 558 1887 624 ibi
1934 578 2145 649 equos
2188 560 2351 627 stitit
2397 584 2518 651 paa-

496 686 580 757 50
618 686 731 747 'ter
778 681 1261 767 hominumque
1314 669 1672 767 defimque,
1845 674 2100 746 solutos
2134 702 2355 761 curru,
2408 680 2520 745 ca'-

617 800 1030 890 liginemque
1068 793 1342 861 multam
1380 794 1830 862 circumfudit.
2001 796 2145 888 Ipse
2176 813 2397 864 autem
2444 802 2520 864 in

583 912 980 1013 .verticibus
1064 912 1236 980 sedit
1298 913 1513 1002 gloria
1604 912 1941 996 exultans,
2157 915 2515 1006 inspiciens

618 1038 1017 1123 Troumque
1063 1031 1295 1099 vrbem
1333 1046 1404 1098 et
1444 1052 1651 1099 naues
1686 1032 2128 1100 Achiuorum.
2255 1034 2356 1101 Illi
2402 1059 2516 1102 ve-

613 1174 696 1223 ro
741 1149 1148 1218 ientaculum
1198 1148 1591 1233 sumserunt,
1631 1156 1974 1217 comantes
2011 1150 2277 1233 Achiui,
2408 1177 2520 1219 ra-

613 1274 785 1365 ptim
832 1292 954 1359 per
992 1272 1327 1350 tentoria,
1370 1266 1721 1360 statimqne
1766 1268 1912 1358 post
1954 1266 2027 1335 id
2060 1266 2513 1341 armabantur.

465 1378 571 1469 255
778 1388 1062 1456 Troiani
1105 1391 1268 1454 item
1312 1410 1392 1452 ex
1417 1426 1455 1443 -
1482 1385 1686 1453 altera
1742 1401 1934 1476 parte
1969 1404 2090 1477 pe'r
2135 1388 2363 1454 vrbem
2409 1410 2518 1456 ar·-

615 1509 975 1578 mabantur
1141 1509 1532 1597 pauciorem
1596 1508 1852 1594 promti
1897 1519 2125 1572 tamen
2185 1527 2374 1576 erant
2415 1528 2518 1576 et-

611 1636 744 1701 iam
818 1629 904 1696 fic
955 1646 1181 1717 pugna
1254 1623 1695 1705 contendere,
1866 1625 2253 1693 neceffitate
2318 1628 2510 1711 dura,

612 1740 884 1842 proque
930 1744 1154 1809 liberis
1222 1760 1290 1810 et
1349 1765 1479 1835 pro
1548 1742 1882 1811 vxoribus.
2054 1746 2312 1811 Omnes
2383 1751 2512 1813 ita-

611 1888 749 1959 que
805 1862 1277 1954 aperiebantur
1330 1876 1611 1951 portae,
1666 1860 1984 1952 forasque
2038 1863 2329 1931 ruebant
2392 1890 2511 1932 co-

607 1986 785 2077 piae,
957 1979 1356 2072 peditesque
1384 1983 1816 2070 equitesque3
1848 1983 2220 2072 ingensque
2264 1984 2512 2050 tumul-

486 2104 575 2180 60
617 2119 728 2171 tus
775 2118 1050 2168 coortus
1099 2098 1208 2165 est.
1379 2098 1473 2162 Hi
1526 2114 1747 2163 autem
1791 2120 1941 2165 eum
1991 2103 2121 2164 iam
2161 2103 2234 2166 in
2279 2099 2507 2168 locum

605 2200 814 2292 vnum
894 2218 1425 2308 congredientes·
1494 2216 1986 2300 conuenissent,
2160 2219 2507 2285 commise-

604 2357 768 2410 runt
823 2336 1037 2413 scuta,
1101 2339 1400 2426 itemque
1451 2332 1693 2417 hastas,
1783 2348 1849 2399 et
1902 2334 2153 2401 robora
2209 2339 2503 2404 virorum

608 2461 820 2528 aereis
847 2499 880 2514 -
919 2456 1304 2522 thoracibus
1338 2453 1824 2538 -indutorum3
1881 2476 1960 2519 ac
2000 2453 2220 2544 clypei
2266 2458 2505 2525 vmbo..

605 2578 810 2646 nibus
848 2614 882 2628 -
913 2575 1157 2638 muniti
1327 2570 1962 2661 appropinquabant
2008 2563 2357 2641 inuicem?
2393 2578 2505 2645 in..

599 2711 903 2784 gensque
934 2687 1259 2754 tumultus
1306 2687 1394 2755 est
1437 2704 1735 2758 coortus.

761 2808 941 2874 Tum
983 2813 1143 2874 vero
1191 2806 1376 2874 fimul
1424 2806 1840 2899 eiulatusque
1885 2825 1953 2878 ct
1978 2831 1985 2838 ‘
2011 2811 2324 2903 gloriatio
2360 2829 2502 2880 erat

475 2934 562 3005 65
603 2932 902 2996 virorum
999 2951 1012 2958 ·
1071 2925 1639 3018 perdentiumque
1682 2943 1751 2993 et
1778 2902 2263 3018 pereuntium:
2333 2931 2501 2999 flue-

600 3048 717 3120 bat
777 3019 997 3112 autem
1058 3044 1376 3133 sanguine
1434 3061 1635 3112 terra.
1820 3047 2166 3134 Quamdiu
2222 3050 2498 3141 quidem

597 3181 867 3255 tempus
913 3167 1315 3231 matutinum
1352 3180 1526 3246 erat,
1577 3178 1647 3229 et
1703 3162 2040 3231 crescebat
2096 3167 2277 3235 sacra
2323 3168 2492 3248 dies,

590 3284 868 3356 tamdiu‘
892 3285 1124 3376 vtique
1160 3297 1604 3372 vtrorumque
1636 3278 1772 3347 tela
1806 3284 2251 3374 attingebant,
2301 3284 2496 3352 cade-

547 3423 554 3428 ·
590 3406 860 3496 batque‘
889 3401 1220 3495 populus;
1388 3421 1598 3491 quum
1637 3421 1796 3466 vero
1854 3399 1954 3468 sol
1997 3403 2289 3470 medium
2334 3424 2498 3467 coe-

590 3526 733 3593 lum
800 3513 1317 3618 conscendisset,
1488 3534 1636 3585 tum
1674 3535 1679 3540 ·
1711 3521 1939 3611 vtique
2009 3545 2239 3590 aureas
2298 3536 2494 3611 pater

421 3659 436 3668 “
468 3670 557 3743 7⁰
592 3640 941 3710 attollebat
995 3639 1251 3728 lance³;
1424 3637 1877 3729 imposuitque
1936 3640 2074 3707 duo
2138 3642 2273 3706 fata
2333 3639 2493 3706 lon-

588 3784 750 3855 gum
776 3801 811 3814 -
846 3757 1176 3825 somnium
1204 3799 1240 3814 ·-
1270 3755 1635 3823 adferentis
1676 3760 1945 3840 mortis,
2086 3759 2492 3848 Troumque

592 3881 896 3974 equitum
940 3893 1010 3942 et
1044 3876 1460 3944 Achiuorum
1506 3898 1720 3942 aere-
1757 3875 2191 3943 loricatorum
2359 3873 2493 3941 sus-

583 3999 931 4088 tinuitque
989 3994 1239 4061 medias
1302 3996 1687 4086 prehensas:
1760 3995 2075 4063 inclinata
2127 3993 2217 4063 est
2266 4011 2494 4062 autem

584 4117 800 4190 fatalis
842 4114 982 4182 dies
1017 4114 1455 4182 Achiuorum-
1624 4111 1878 4205 Vtique
1938 4117 2356 4185 Achiuorum
2392 4112 2492 4179 la-
