2834 4900
595 518 2231 585 „quw-*-

698 862 2095 973 ILIADIS

905 1100 1502 1241 LI'BER
1609 1158 1897 1240 xxL

531 1381 754 1519 Sed,
814 1433 926 1502 vbi
965 1435 1102 1501 iam
1159 1432 1247 1500 ad
1287 1446 1579 1500 meatum
1623 1448 2079 1523 peruenerant
2134 1434 2374 1526 pulcre
2412 1476 2449 1492 -

536 1555 808 1621 fluentia
847 1553 1043 1623 fluuii
1235 1552 1490 1621 Xanthi
1531 1550 1885 1636 vox-ticoli,
1927 1574 2129 1643 quem
2167 1559 2447 1624 immor-

536 1673 688 1745 talia
724 1673 960 1764 genuit
998 1671 1277 1762 Iupiter,
1463 1669 1561 1739 ibi
1601 1687 1773 1738 tum·
1797 1670 2080 1758 diuisos,
2125 1671 2253 1739 hoa
2294 1676 2447 1763 qui-

538 1792 696 1860 dem
742 1812 1052 1882 campum
1109 1789 1334 1859 versus
1381 1781 1858 1882 insequebatur
2059 1789 2150 1859 ad
2189 1789 2443 1878 vrbem,
2496 1872 2503 1879 ⁸

449 1914 496 1984 5
535 1935 672 2003 qua
720 1909 967 1979 Achiui
1011 1908 1269 1975 turbati
1320 1909 1657 1998 fugerant,
1909 1907 2023 1975 die
2089 1909 2443 2000 superiori,

542 2027 819 2119 quando
864 2023 1134 2091 furebat
1169 2022 1434 2090 illustris
1468 2025 1767 2111 Hector3
1978 2024 2134 2092 illac
2184 2029 2255 2094 hi
2296 2033 2452 2120 qui..

545 2143 702 2211 dem
775 2139 1370 2232 profundebantur
1437 2140 1705 2229 trepida
1737 2181 1775 2198 -
1821 2140 2018 2231 fuga;
2098 2143 2451 2235 caliginem

546 2277 772 2330 autem
808 2260 981 2328 Iuno
1183 2256 1503 2348 expandit
1540 2274 1701 2325 ante
1742 2257 2012 2327 densam
2031 2306 2053 2343 ‚
2098 2276 2171 2329 vt
2210 2303 2244 2318 -
2278 2265 2455 2331 inhi-

505 2378 778 2474 [ὕοι-φὶς
832 2376 1096 2446 dimidii
1135 2398 1298 2444 vero
1343 2375 1578 2461 (altera
1621 2378 1806 2469 pars)
2055 2379 2133 2445 in
2172 2379 2457 2449 fluuium

544 2498 996 2567 voluebantur
1015 2493 1371 2588 profunde
1408 2537 1447 2554 -
1477 2496 1824 2580 fluentem,
1867 2498 2241 2567 vorticibus
2272 2513 2307 2557 -·-
2351 2524 2459 2568 ar-

548 2632 908 2710 genteum3
1115 2615 1639 2721 incideruntque
1678 2636 1925 2706 magno
1984 2615 2262 2706 strepitu
2280 2642 2313 2682 ε.
2351 2618 2463 2686 l'o-
2528 2619 2533 2624 ’

422 2759 504 2808 xo
541 2740 900 2828 nitumque
948 2733 1202 2802 dedere
1254 2732 1388 2801 alta
1441 2733 1718 2817 fluenta,
1967 2736 2293 2828 ripaeque
2333 2740 2464 2803 cir-
2572 2779 2581 2800 .

556 2857 887 2925 cumcirca
925 2843 1225 2946 grauiter
1264 2874 1616 2944 gemuere:
1657 2850 1759 2918 illi
1800 2873 1962 2921 vero
2006 2877 2168 2921 cum
2190 2854 2466 2935 'clamo-

550 2997 631 3043 re
796 2972 1199 3041 innatabant
1237 2971 1372 3038 huc
1431 2987 1525 3040 etl
1548 2969 1748 3055 illuc,
1805 2973 2035 3062 agitati
2089 2997 2215 3065 per
2255 2979 2466 3043 vorti-
2504 3033 2511 3042 ,

556 3114 690 3161 ees.
900 3090 999 3162 Vt
1038 3114 1205 3161 vero
1253 3111 1408 3157 cum
1448 3104 1716 3156 exactae
1754 3091 2016 3181 impetu
2056 3094 2233 3184 ignia
2272 3091 2471 3161 locu..

561 3206 697 3276 stae
738 3208 1033 3279 euolant·
1134 3225 1209 3279 vt
1247 3208 1512 3301 fugiant
1553 3206 1641 3274 ad
1674 3249 1713 3265 -
1747 3208 2065 3295 fluuium,
2123 3211 2318 3280 ardet
2350 3235 2471 3279 au-

562 3337 704 3392 tem
745 3326 1102 3394 indefess'us
1136 3315 1309 3418 ignis
1480 3330 1804 3394 excitam
1852 3328 2262 3419 derepente3
2317 3329 2476 3397 illae

442 3444 526 3516 15
562 3463 728 3514 vero
773 3458 958 3512 metu
999 3482 1035 3499 -
1063 3444 1411 3533 perculsae
1460 3484 1496 3500 -
1539 3444 1792 3518 cadunt
1831 3448 1906 3512 in
1945 3467 2227 3538 aquam·
2388 3445 2478 3524 fic

427 3571 436 3576 “
564 3558 830 3630 Achille
904 3560 1180 3652 fugante
1272 3561 1527 3629 Xanthi
1609 3564 1979 3633 vorticibus
2052 3565 2479 3657 -profundi

569 3657 979 3772 implebatur
1022 3679 1352 3748 fluentum
1391 3678 1709 3748 resonam
1748 3684 2004 3752 mixtim
2043 3689 2372 3778 equisque
2411 3700 2485 3752 et

569 3801 749 3868 viris.
900 3798 998 3867 At
1032 3797 1151 3866 ille
1191 3796 1629 3902 nobilissimua
1667 3800 2012 3892 (Achillea)
2050 3805 2294 3873 hastam
2330 3807 2485 3894 qui-

575 3917 733 3987 dem
773 3916 1047 4010 reliquit
1081 3917 1221 3986 illic
1261 3919 1340 3986 in
1379 3918 1544 4006 ripis
1736 3920 2129 3990 acclinatam
2172 3924 2486 4014 myricisg

574 4035 717 4128 ipl'e
755 4052 981 4107 autem
1023 4034 1287 4124 infinit,
1350 4033 1484 4111 deo
1531 4058 1677 4128 par,
1932 4038 2229 4132 gladium
2268 4038 2487 4108 solum

376 2589 408 2628 l
