2834 4900
490 204 689 258 ιω
793 177 951 291 ω.
1006 174 1164 254 DE
1222 172 1806 269 scnoLns,
1870 144 2336 257 Lssxrcr's

488 375 626 477 qui
669 320 1148 445 humanitatis
1193 366 1629 469 exemplum
1683 366 2077 470 proposuit
2131 368 2587 445 memorabi-
2669 428 2680 441 ,

360 542 365 549 -
485 492 601 586 le,
651 486 861 593 quod
904 487 1232 563 aliorum
1278 486 1532 565 studiis
1574 487 1883 592 reliquit
1926 515 2052 581 ea,
2100 488 2373 592 quibus
2424 489 2583 593 ipse

482 617 850 692 maturius
900 629 980 685 et
1025 609 1295 684 melius
1339 608 1442 684 de
1499 629 1738 714 poeta
1800 607 1956 713 ipso
2017 616 2298 686 mereri
2359 631 2582 714 pote-
2729 607 2740 616 ’

446 766 465 778 “
484 754 625 810 rat.
781 732 910 808 De
957 729 1283 807 Scholiis
1322 747 1401 807 et
1433 729 1554 812 de
1597 732 2117 807 Grammaticis
2168 730 2376 807 idem
2427 737 2584 834 egit

440 936 445 941 .
483 849 941 930 disertiffime
994 856 1077 925 in
1133 849 1700 950 prolegomenis
1718 904 1740 944 ‚
1806 850 2163 926 immensa
2216 851 2582 929 eruditio·
2709 921 2714 927 .

483 981 603 1053 nis
651 994 729 1051 et
769 973 1115 1049 lectionis
1163 976 1385 1075 copia
1423 969 1737 1047 refertis.
1868 973 2235 1047 Notitiam
2287 971 2579 1049 codicis

483 1097 987 1174 habueramus
1041 1098 1193 1166 iam
1244 1111 1470 1165 antea
1517 1096 1661 1178 (in
1701 1090 2150 1167 ΒὶἱιίἰοιΙιεΙι
2181 1093 2326 1164 der
2353 1095 2579 1167 alcen

483 1204 933 1296 Littercicur
982 1213 1154 1287 und
1199 1209 1524 1325 Kunst
1527 1241 1555 1285 1
1616 1212 1827 1289 Seic'k.
1891 1214 2301 1313 Gottingae
2356 1215 2575 1314 1786.

481 1365 561 1441 p.
620 1338 744 1412 63.
806 1353 882 1411 et
924 1334 970 1408 3
1019 1330 1206 1427 Scic’lg
1267 1359 1345 1434 p.
1403 1330 1502 1406 58
1541 1331 1741 1434 sqq.)
1810 1358 1855 1406 a
1929 1337 2092 1407 viro
2165 1333 2398 1409 docto
2460 1338 2572 1421 Io,
2642 1386 2652 1394 -

480 1462 649 1535 Pet.
697 1452 1188 1533 Siebenkees,
1240 1449 1503 1552 postea
1542 1451 1746 1527 Prof.
1810 1451 2134 1535 Altdorf.
2195 1473 2359 1529 tum
2426 1457 2575 1532 Ve-

483 1582 712 1655 netiis
765 1576 1123 1677 degente,
1171 1574 1370 1650 vnde
1414 1570 1610 1649 haec
1653 1590 2039 1648 tenemus:
2099 1572 2253 1676 ipsa
2314 1575 2570 1651 Jliadis

330 1758 341 1779 .
483 1699 715 1774 verba
768 1697 1093 1797 eleganti
1144 1721 1410 1786 manu,
1471 1692 1634 1769 fere
1679 1691 1837 1767 fine
1894 1693 2314 1769 litterarum
2367 1716 2573 1772 com·

480 1817 817 1924 pendiiS,
871 1833 1173 1891 exarata
1213 1811 1391 1906 effe,
1454 1813 1763 1890 Scholia
1826 1833 2083 1892 autem
2147 1820 2576 1919 antiquiora

485 1940 799 2041 quidem
840 1935 1110 2013 eadem
1157 1933 1318 2011 fere
1372 1961 1639 2028 manu,
1709 1939 1991 2031 (varias
2064 1935 2432 2013 lectiones
2487 1941 2571 2011 in

477 2064 841 2157 interiore
874 2062 1211 2157 margine
1274 2054 1574 2157 scriptas
1640 2052 1823 2148 effe,
1881 2077 2148 2133 monet
2212 2055 2572 2133 Villoil'on

475 2207 557 2285 p.
606 2181 916 2273 XXIII.)
957 2176 1477 2279 frequentiora
1520 2179 1610 2250 in·
1647 2176 2023 2278 prioribus
2078 2196 2157 2253 et
2219 2183 2568 2253 extremis

475 2300 729 2392 Ebria,
782 2304 1143 2402 pauciora
1198 2303 1279 2371 in
1342 2295 1650 2387 mediis,
1717 2296 1864 2370 alia
1928 2324 2103 2373 cum
2159 2303 2359 2377 notis
2408 2324 2565 2373 ver-

478 2421 760 2498 borum
801 2415 1406 2494 interlinearibus
1452 2420 1760 2492 minutis
1817 2435 1894 2492 et
1939 2415 2264 2494 obscuris
2325 2416 2560 2524 saepe,

416 2527 421 2538 ’
477 2546 711 2618 etiam
756 2565 897 2640 per
942 2536 1430 2635 compendia,
1483 2536 1902 2612 litterarum
1962 2537 2347 2632 ductibuS,
2413 2565 2560 2619 nec

473 2661 573 2735 ab
623 2684 764 2732 vna
808 2682 1074 2749 manu,
1116 2680 1265 2730 nec
1314 2655 1589 2731 eodem
1643 2674 2009 2757 tempore,
2063 2656 2328 2760 scripta
2375 2658 2556 2754 effe:

474 2779 813 2871 Scholia,
869 2775 1413 2852 Aristarcheam
1486 2775 1900 2853 lectionem
1969 2765 2297 2855 maxime
2363 2780 2556 2855 indi·

476 2904 760 2990 cantia,
815 2923 974 2973 non
1025 2897 1269 2972 multo
1313 2894 1539 2973 serius
1591 2897 2000 2999 prioribus,
2061 2903 2307 3003 iisque
2365 2907 2553 2977 anti-

474 3019 899 3123 quioribus,
965 3014 1349 3098 acceffiss‘e.
1487 3021 1603 3091 Ex
1676 3016 1791 3093 his
1859 3017 2210 3120 colligere
2264 3020 2444 3097 licet
2507 3049 2553 3097 e

472 3138 777 3222 diuersis
809 3139 968 3214 aliis
1000 3138 1390 3215 codicibus
1435 3162 1574 3237 per
1605 3138 1861 3241 plures
1888 3144 2083 3215 viros
2116 3140 2385 3218 doctos
2422 3142 2551 3217 ad·
2657 3225 2664 3228 ,
2819 3095 2820 3156 s

471 3260 742 3363 scripta
771 3260 963 3372 haec
990 3262 1360 3334 Marciani
1390 3258 1678 3334 codicis
1705 3285 2021 3335 munera
2050 3259 2233 3353 ess'e3
2296 3287 2549 3364 neque

468 3381 665 3457 adeo
704 3384 959 3455 omnia
1004 3379 1282 3456 eodem
1316 3379 1493 3454 loco
1540 3378 1890 3455 habenda
1933 3377 2115 3474 effe,
2162 3407 2312 3457 nec
2353 3381 2546 3457 iudi-

469 3507 673 3579 cium
719 3521 1013 3579 certum
1060 3498 1216 3575 fiue
1261 3498 1360 3574 de
1400 3499 1684 3575 codicis
1727 3497 1880 3577 siue
1924 3500 2021 3576 de
2061 3501 2543 3578 Scholiorum

466 3642 715 3700 aetate
757 3643 836 3698 et
881 3624 1335 3696 auctoritate
1371 3617 1553 3693 ferri
1589 3617 1819 3722 poss'e.
1926 3624 2009 3697 bi
2049 3620 2402 3698 incideris
2453 3623 2541 3697 in

463 3741 854 3833 nonnulla,
895 3766 1094 3844 quae
1127 3725 1733 3815 ⁶Alexandrinum
1761 3741 2089 3843 aliquem
2120 3745 2541 3841 grammati-

463 3891 664 3959 cum,
699 3882 830 3938 aut
854 3861 1240 3964 Apollonii
1267 3856 1676 3960 Sophistae‚
1706 3881 1836 3940 aut
1875 3850 2287 3936 Herodiani
2324 3859 2537 3938 disci.

310 4029 321 4034 -
462 3986 728 4091 pulum
759 4009 1074 4086 arguere
1111 3982 1483 4073 videntur,
1513 3979 1677 4057 sunt
1705 3981 1848 4056 alia
1876 3980 2169 4072 seriora,
2200 3983 2537 4084 Porphy-

463 4112 574 4200 rii,
620 4106 985 4208 adscripta
1035 4130 1083 4182 a
1141 4099 1484 4198 diuersis,
1554 4130 1648 4182 ex
1717 4102 2263 4209 antiquioribus
2325 4105 2533 4183 codi-
