2834 4900
898 0 1047 79 V

1044 188 1702 267 110MER1
1803 256 1816 265 .
2218 218 2410 279 xxxv

334 407 415 459 ra
470 385 628 459 eius
696 375 962 473 fuerit,
1032 374 1330 454 dicetur
1390 373 1620 469 infra,
1691 370 1814 450 vbi
1879 371 1981 452 de
2045 374 2408 463 Subfidm

330 530 373 579 a
470 522 619 578 tur

375 528 467 607 ge
538 618 657 696 Ab
711 641 812 697 eo
860 635 1204 721 tempore
1267 614 1537 691 litteris
1613 611 1878 693 nostris
1929 573 2254 722 propitia
2314 647 2409 703 ea

329 743 636 822 fortuna
683 739 983 842 obtigit,
1026 756 1106 814 vt
1163 761 1302 853 per
1351 738 1830 812 Germaniam
1891 740 2198 817 Homeri
2249 766 2409 820 car-
2505 792 2514 799 .

330 869 536 940 mina
579 859 792 963 prelo
846 886 893 934 a
949 845 1289 962 pluribus
1328 876 1867 958 -repeterentur
1918 856 2026 945 ex‘}
2069 861 2404 943 editione
2451 906 2462 915 -

326 982 486 1061 fere
540 978 964 1057 Ernestina:
1050 1003 1200 1085 qua
1260 976 1363 1054 de
1420 1002 1510 1055 re
1565 983 1658 1077 in¹
1715 976 2032 1062 Praefat,
2085 980 2134 1058 Γ.
2201 987 2402 1067 XIV.

321 1120 827 1180 memoratum
884 1097 1012 1174 est.

525 1228 823 1299 Omnes
875 1235 1189 1295 conatus
1228 1220 1311 1291 in
1364 1220 1706 1294 Homero
1747 1214 2120 1295 seueriore
2170 1245 2406 1325 opera

316 1341 773 1417 adornando
829 1331 1448 1414 sufflaminauerat
1520 1342 1948 1441 expectatio
2015 1364 2157 1439 per
2234 1344 2405 1416 γα.

316 1461 722 1561 loffonum
794 1459 885 1535 V.
956 1458 1041 1532 C.
1120 1463 1444 1534 excitata
1514 1460 1619 1533 de
1684 1455 2183 1559 autiquiffimo
2272 1488 2404 1537 co·

236 1652 239 1655 .
318 1576 498 1656 ‘dice
540 1582 1021 1655 Marciano
1031 1603 1071 1650 a
1124 1574 1198 1654 se
1236 1583 1426 1681 typis
1482 1576 2010 1670 describend03
2084 1603 2407 1683 quanto-

313 1705 503 1805 pere
562 1725 739 1775 mea
803 1696 1037 1773 studia
1096 1704 1177 1771 in
1227 1701 1645 1773 Homerum
1701 1696 1796 1771 ab
1862 1724 1957 1775 eo
2016 1703 2403 1802 pepende-

309 1826 508 1915 rint,
582 1819 825 1922 supra·
864 1808 1018 1892 iam
1089 1816 1429 1921 exposui,
1496 1818 1660 1893 vbi
1649 1844 2001 1921 quoque
2075 1829 2401 1915 narraui,

307 1941 716 2046 quomodo
776 1939 969 2013 libet
1020 1937 1149 2012 rub
1213 1944 1496 2013 exitum
1553 1943 1731 2012 anni
1785 1942 2247 2025 LXXXVIII.
2301 1941 2404 2019 ad

305 2087 462 2139 nos
512 2059 846 2160 perlatus
876 2056 1122 2131 studia
1145 2058 1588 2132 incenderit.
1689 2061 1926 2157 Agam
1970 2058 2070 2135 de
2112 2085 2206 2136 eo
2239 2061 2410 2164 plu·

306 2179 539 2256 ribus
584 2175 843 2277 paullo
880 2172 1085 2275 post,
1127 2173 1250 2263 vbi
1297 2176 1394 2249 de
1432 2170 1783 2250 subsidiis
1835 2186 2122 2274 agetur.

340 2302 361 2373 ἑ
482 2302 698 2398 Opes
738 2297 1264 2396 grammaticae
1294 2313 1371 2369 et
1414 2296 1719 2369 criticae
1763 2319 1808 2367 a
1855 2292 2262 2373 Vifloirozio
2299 2304 2413 2376 in-

309 2414 673 2500 c're‘dibih‘
713 2440 888 2492 cum
932 2413 1200 2490 labore
1241 2433 1318 2490 et
1356 2413 1702 2490 doctrina
1753 2419 1835 2490 in
1874 2410 2131 2491 lucem
2159 2421 2413 2522 prola.

308 2557 438 2617 tae
523 2536 1038 2642 accenderant
1127 2560 1439 2638 quoque
1507 2539 1644 2609 viri
1713 2531 2108 2638 doctissimi
2179 2531 2403 2619 Fiid.

310 2663 535 2763 Aug.
595 2657 908 2759 Woffii,
952 2661 1119 2757 qui,
1166 2662 1317 2730 iam
1340 2671 1625 2746 antea,
1680 2643 2093 2733 Homerum
2141 2660 2239 2758 aa
2278 2689 2408 2739 ex.

313 2771 614 2882 emplar
677 2767 1127 2877 Glas'guense
1181 2781 1373 2877 typis
1432 2775 1933 2878 repetendum
1985 2803 2403 2876 curauerat,

314 2898 565 2978 studia
616 2897 714 2971 ad
751 2923 1033 2971 nouam
1076 2893 1592 2972 recensionem
1631 2896 2061 2997 parandam
2168 2902 2407 2979 Recte

314 3019 447 3096 ille
497 3014 808 3096 confilia·
852 3014 987 3090 fibi
1031 3014 1156 3091 sua
1191 3015 1430 3090 libera
1500 3011 1648 3089 effe
1691 3013 2070 3109 statuerat,
2134 3038 2213 3091 vt
2260 3043 2405 3122 ego

315 3166 536 3231 mea;
607 3156 687 3212 et
730 3137 1045 3211 laetatus
1104 3134 1261 3211 sum
1301 3135 1658 3237 equidem
1675 3113 2151 3236 'reputando‚
2210 3166 2410 3241 quae

320 3279 401 3337 et
476 3277 765 3359 quanta
801 3255 1023 3331 bona
1086 3261 1169 3330 in
1223 3253 1642 3331 litterarum
1683 3279 2112 3355 graecarum
2172 3255 2410 3336 studia

323 3404 421 3454 ex
470 3378 633 3453 hoc
670 3401 948 3477 operae
988 3382 1070 3451 in
1110 3379 1529 3452 Homericis
1565 3373 1986 3451 collocatae
2039 3377 2409 3455 concursu

327 3495 568 3575 effen}
602 3515 1107 3598 prouentura;
1152 3494 1477 3572 laetabar
1519 3520 1850 3597 quoque,
1926 3497 2408 3598 Prolegome·

328 3625 444 3692 nis
508 3643 687 3692 cum
744 3615 985 3692 Jliade
1044 3615 1424 3720 inspectis,
1508 3634 1584 3690 et
1644 3614 1742 3691 de
1796 3618 1888 3689 iis
1942 3616 2175 3691 multa
2233 3641 2410 3692 cum

328 3736 559 3812 laude
600 3741 1017 3813 memoraui
1054 3741 1138 3812 in
1181 3734 1633 3816 Recenfibus
1692 3737 1852 3812 eius
1895 3739 2250 3840 temporis
2293 3737 2411 3809 lit-

335 3862 649 3932 terariis.

1072 4055 1706 4093 w

1442 4253 1627 4308 ·c2
