2834 4900
718 199 1386 294 nomem·
1444 215 2078 294 LA‘rlNA.
2286 219 2433 299 civ

344 407 654 498 elicias,
684 405 867 479 inde
893 403 1098 479 haud
1132 401 1358 479 facile
1395 403 1768 480 didiceris.
1872 409 2137 509 Itaque
2166 407 2435 486 versio-

340 553 487 604 nes
519 532 885 602 metricae
933 527 1429 625 Tragicorum
1474 544 1553 600 et
1597 529 2033 620 Lyricorum
2080 536 2433 606 carmini·-

343 649 491 725 bus
525 647 876 722 adiectae
904 650 1030 719 vix
1075 645 1229 721 hoo
1271 650 1585 718 nomine
1624 664 1837 721 recte
1885 651 2433 726 commendan-

343 789 513 863 tur,
546 766 597 842 [ἰ
627 767 726 841 ad
761 788 1162 869 poetarum
1202 766 1431 841 verba
1468 766 2033 867 interpretanda
2074 769 2254 844 illae
2276 795 2429 875 ³ap-

344 911 482 966 tae
526 907 606 963 et
640 888 855 963 vtiles
895 884 1049 961 effe
1110 885 1496 980 dicuntur3
1581 886 1795 990 quod
1839 912 1934 962 eo
1976 894 2219 966 minus
2264 891 2429 967 fieri

293 1023 302 1030 '
349 1008 633 1113 potest,
665 1035 819 1111 quo
849 1012 1086 1109 magis
1115 1006 1373 1110 lingua
1420 1027 1501 1083 et
1543 1008 1887 1084 indolem
1924 1007 2159 1087 habet
2201 1035 2249 1084 a
2286 1011 2431 1085 ser-

353 1155 591 1206 mone
619 1134 970 1205 carminis
999 1125 1325 1222 alienam
1358 1155 1451 1205 ac
1480 1129 1872 1205 diuersam.
1972 1162 1979 1170 ·

551 1249 793 1327 Aliter
832 1248 1304 1324 statuendum
1350 1247 1453 1326 est
1505 1250 1602 1325 de
1635 1251 1905 1326 fisdem
1942 1251 2424 1346 vernonibus,

353 1370 406 1447 fi
454 1371 556 1448 de‘
579 1395 836 1451 earum
875 1367 1359 1469 praestantia,
1406 1367 1723 1444 seorsum
1763 1372 1858 1446 ab
1901 1371 2034 1446 illo
2092 1371 2427 1466 conmio,

353 1518 450 1569 ex
493 1512 752 1569 ‘earum
783 1490 1207 1582 virtutibus,
1261 1515 1358 1566 ex
1399 1494 1574 1564 artis
1613 1510 1693 1566 et
1737 1496 2015 1591 ingenii
2058 1491 2429 1574 excellen-

351 1618 495 1706 tia,
541 1614 908 1689 iudicium
948 1609 1225 1701 fertur3
1281 1630 1446 1684 tum
1487 1608 1789 1712 poffunt
1838 1609 1984 1688 ess'e
2032 1610 2423 1709 versiones,

291 1755 554 1837 -·quae
591 1742 802 1809 inter·
837 1737 1310 1835 ingeniorum
1362 1731 1596 1828 fetus,
1656 1738 1790 1837 qui
1837 1739 2260 1837 principem
2307 1735 2425 1813 lo·

347 1883 527 1933 cum
572 1873 914 1944 teneant,
953 1845 1405 1930 ¹referendae,
1454 1853 1609 1930 fint.
1724 1857 1920 1932 Sunt
1967 1861 2050 1929 in
2093 1856 2242 1932 hoc
2294 1883 2423 1958 ge·

345 2002 544 2052 nere
586 1972 990 2060 versiones»,
1066 1978 1149 2045 in
1207 1974 1477 2074 quibus
1525 1993 1911 2050 certamen
1951 1981 2428 2076 ingeniorum

277 2131 286 2142 ·
355 2097 734 2170 committi
795 2090 1099 2179 dixeris,
1146 2091 1383 2164 altero
1438 2098 1863 2178 annitente,
1930 2112 2010 2165 vt
2056 2116 2429 2198 exaequet

361 2229 499 2286 aut
563 2211 877 2305 attingat
937 2206 1238 2280 alterius
1295 2212 1445 2280 vim
1503 2228 1663 2282 aut·
1713 2208 2181 2303 felicitatem,
2251 2213 2434 2290 dum

353 2329 877 2431 interpretatio
922 2329 1028 2402 ita
1075 2323 1513 2418 instituitur,
1567 2348 1645 2402 vt
1704 2326 2117 2413 reddantur
2173 2337 2435 2410 carmi.

323 2479 457 2531 ‘na
499 2476 596 2527 eo
642 2473 878 2539 more,
919 2472 1076 2552 quo
1123 2446 1519 2551 probabile
1546 2445 1637 2523 fit
1675 2468 2067 2527 auctorem
2115 2449 2234 2526 sua
2264 2453 2435 2529 red·
2558 2441 2567 2451 ⁹

356 2576 694 2652 diturum
741 2566 984 2663 fuisse,
1033 2567 1088 2645 fi
1125 2567 1381 2644 nostro
1431 2569 1773 2647 sermone
1811 2568 1969 2647 vsua
2021 2569 2215 2648 ess'et.
2283 2578 2433 2650 Ta·-

309 2698 449 2772 -lis
511 2690 744 2769 verfio
815 2689 920 2765 est
968 2695 1167 2767 inter
1195 2691 1648 2792 praeclarae
1700 2696 1878 2767 artis
1936 2717 2165 2794 opera
2236 2694 2434 2773 refe·

355 2814 627 2906 renda,
678 2829 756 2886 et
811 2808 1095 2887 summo
1141 2811 1444 2888 honore
1481 2811 1858 2889 habenda.
1958 2815 2206 2890 Prauo
2266 2834 2433 2892 mo·

302 2976 314 2983 ·
359 2937 462 3013 do
512 2933 753 3009 studio
802 2935 891 3006 iis
940 2951 1281 3025 Vtuntur,
1339 2938 1475 3034 qui
1526 2938 1647 3007 iis
1674 2931 1888 3009 lectis
1970 2955 2276 3035 putant,
2357 2934 2431 3013 se

355 3059 557 3133 bene
601 3079 808 3129 nunc
858 3056 1180 3155 antiquis
1219 3052 1489 3129 litteris
1540 3050 1749 3153 polle
1792 3079 2051 3131 carere
2067 3113 2091 3150 ,
2128 3076 2260 3130 aut
2296 3062 2431 3159 qui

309 3204 334 3220 0
359 3201 624 3283 graeca
685 3173 1030 3249 nondum
1062 3199 1191 3247 ex
1251 3171 1635 3274 disciplina
1698 3193 2047 3250 accurata
2110 3172 2245 3250 fibi
2298 3200 2431 3252 co-

355 3302 563 3403 gnita
610 3297 792 3371 inde
831 3294 905 3371 se
943 3291 1223 3397 assequi
1268 3289 1478 3396 poffe
1525 3291 1964 3369 existimant.

372 3450 380 3459 '
563 3438 849 3511 Contra
903 3404 1254 3507 versionis
1316 3455 1555 3533 genus
1616 3427 1721 3507 est
1765 3456 1908 3532 per
1947 3426 2023 3505 se
2074 3448 2301 3505 tenue
2348 3447 2428 3505 et

321 3557 592 3649 ‘exile,
627 3572 783 3631 'neo
831 3553 1055 3629 facile
1098 3552 1469 3654 elegantia
1515 3570 1647 3626 aut
1686 3550 2041 3627 sermonis
2080 3536 2428 3653 proprie-

320 3710 340 3722 ·
362 3697 515 3753 tate
588 3673 1229 3767 commendabile,
1280 3666 1758 3750 tolerandum
1822 3692 2073 3747 tamen
2124 3691 2204 3747 et
2239 3671 2431 3745 vtili-

363 3815 514 3872 tate
558 3796 952 3899 probabile
992 3801 1074 3868 in
1121 3795 1305 3886 hoc,
1374 3792 1856 3897 quodverba
1903 3791 2144 3870 verbis
2206 3808 2430 3868 accu-
2540 3812 2547 3821 ·

279 3898 290 3905 ⁸
369 3932 525 3990 rate
564 3916 1180 4019 respondentibus
1223 3915 1672 4005 redduntur,
1739 3914 1936 3991 vnde
1975 3918 2065 4006 ii,
2108 3916 2239 4015 qui
2280 3935 2428 3986 neo

368 4032 531 4110 satis
571 4036 727 4113 rsus
775 4064 865 4115 ac
909 4041 1259 4140 peritiae,
1325 4064 1478 4112 nec·
1530 4034 1900 4110 facultatis
1963 4051 2039 4109 et
2108 4036 2247 4106 otii
2298 4030 2429 4103 ha·-

322 4153 584 4259 ²bbeitt,
651 4168 934 4257 graeca·
960 4176 1215 4234 tamen
1264 4158 1485 4234 verba
1525 4155 1809 4248 facile,
1843 4179 1999 4256 quo
2047 4150 2251 4227 sensu
2306 4156 2427 4225 ae·
