2834 4900
490 220 627 312 ⁵7⁶
789 216 1185 287 1L1An1s
1226 216 1417 285 Lm.
1463 216 1746 286 xxm.
1795 240 1858 287 ι·
1893 222 2283 311 631-657.

663 424 827 479 runt
866 409 1041 501 Epei‘
1244 410 1321 473 in
1358 406 1676 498 Buprafio
1698 455 1718 491 ‚
1761 406 2022 499 filiique
2055 408 2446 499 posuerunt
2483 440 2604 481 re..

664 535 765 623 gis
812 528 1140 620 praemia!
1308 525 1453 593 Illic
1492 522 1718 593 nullus
1759 508 1938 592 mihi
1972 528 2207 600 tfimilis
2255 535 2364 598 vir
2413 553 2600 619 erat,

662 672 891 740 neque
944 650 1313 739 Epeorum‚
1562 668 1789 735 neque
1842 644 2139 735 ipsorum
2195 648 2598 739 Pyliorum,

661 791 890 861 neque
930 765 1332 834 Aetolorum
1367 765 1971 853 magnanimorum.
2139 764 2393 834 Caestu
2440 775 2600 860 qui.

494 888 625 961 635
672 889 828 957 dem
868 888 995 952 vici
1039 882 1511 975 Clytemedem
1553 880 1812 972 Enopis
1850 880 2103 970 filium;
2227 885 2596 954 Ancaeum

668 1026 831 1077 vero
904 1003 1079 1070 lucta
1142 1001 1623 1083 Pleni-onium,
1732 1003 1849 1090 qui
1915 1003 1990 1066 in
2060 1022 2188 1081 ‚me
2262 1002 2598 1093 sun-exin

665 1122 993 1215 Iphiclum
1040 1136 1269 1187 autem
1329 1117 1617 1209 pedibus
1685 1122 2167 1208 praetereat-ri,
2239 1123 2598 1211 praestan-

664 1258 803 1309 tem
848 1239 1040 1329 licet3
1258 1237 1436 1305 hasta
1479 1260 1640 1304 vero
1683 1238 2010 1303 mittenda
2057 1239 2372 1329 superaui
2405 1238 2596 1332 Phy-

664 1346 1017 1450 stumque,
1068 1372 1139 1425 et
1178 1355 1624 1449 Polydorum.
1789 1354 1966 1423 Solis
2004 1378 2113 1421 me
2155 1363 2350 1450 equis
2385 1382 2591 1450 prae-

664 1492 1059 1568 teregerunt
1100 1477 1373 1542 Actoris
1410 1474 1532 1541 filii
1591 1474 1755 1555 duo,
1926 1498 2215 1543 numero
2260 1478 2592 1567 superam

494 1601 630 1687 640
675 1615 816 1680 tes,
864 1596 1247 1663 inuidentea
1298 1594 1473 1659 mihi
1511 1597 1884 1674 victoriam,
2100 1599 2290 1685 quod
2329 1620 2593 1686 nempe

670 1720 949 1785 maxima
984 1712 1083 1778 issi
1129 1717 1498 1778 certamini
1537 1713 1771 1778 relicta
1805 1727 1996 1778 erant
2036 1718 2345 1801 praemia.
2483 1717 2594 1782 Hi

664 1858 827 1901 vero
871 1846 1063 1901 erant
1103 1830 1258 1896 sane
1302 1832 1596 1920 gemini.
1664 1832 1831 1898 alter
1878 1831 2157 1922 quidem
2197 1833 2588 1901 constanter

667 1975 881 2041 equos
915 1992 949 2008 -
984 1948 1284 2041 regebat,
1543 1950 1924 2016 constanter
1964 1974 2178 2040 equos
2210 1986 2240 2001 -
2274 1951 2581 2041 regebat,

668 2068 839 2136 alter
876 2093 1048 2137 ·vero
1094 2068 1344 2135 scutica
1394 2069 1740 2138 incitabat.
1991 2068 2106 2136 sic
2162 2069 2325 2137 olim
2370 2094 2582 2153 etam,

672 2211 860 2254 nunc
895 2187 1163 2256 viciffim
1206 2188 1506 2253 iuniores
1550 2187 1804 2254 obeant
2057 2211 2164 2253 res
2212 2189 2582 2259 eiusmodi:

500 2308 633 2396 6155
676 2330 785 2373 me
827 2323 1104 2397 oportet
1142 2304 1454 2372 senectae
1493 2305 1660 2372 tristi
1881 2327 2159 2397 parere;
2223 2324 2376 2373 tum
2419 2332 2579 2374 vero

675 2425 1078 2494 excellebam
1118 2426 1297 2491 inter
1332 2424 1597 2491 heroes.
1726 2423 1863 2490 Sed
1908 2423 2053 2509 abi,
2102 2439 2171 2491 et
2209 2440 2338 2490 tuo
2377 2422 2586 2492 sodali

672 2543 1149 2611 certaminibus
1186 2540 1347 2610 iusta
1372 2543 1610 2609 facito·
1817 2543 1977 2610 Hoc
2017 2559 2246 2611 autem
2302 2567 2433 2634 ego
2477 2544 2580 2610 lu-

670 2663 838 2729 bens
880 2664 1181 2752 accipio,
1226 2660 1614 2751 gaudetque
1653 2662 1814 2726 mihi
1849 2684 2026 2746 cor,·
2253 2666 2446 2755 quod
2484 2669 2576 2756 ita

673 2783 808 2847 mei
845 2779 1104 2870 semper
1139 2802 1401 2846 memor
1443 2803 1516 2877 es
1570 2779 1927 2862 beneuoli,
1975 2804 2204 2870 neque
2242 2803 2282 2846 a
2324 2798 2399 2850 te
2434 2784 2575 2874 post

672 2898 950 2982 habeor,
1156 2901 1236 2966 in
1275 2899 1547 2966 honore
1601 2921 1740 2988 quo
1786 2921 1896 2964 me
1940 2920 2064 2987 par
2119 2899 2212 2966 est
2250 2900 2573 2969 honorari

501 3022 631 3090 650
671 3021 851 3084 inter
892 3020 1216 3086 Achiuos.
1383 3016 1545 3084 Tibi
1585 3032 1808 3083 autem
1843 3017 1939 3084 dii
1976 3023 2109 3107 pr'o
2152 3017 2258 3083 his
2298 3025 2574 3109 gratiam

666 3133 1048 3200 reserantd‘

831 3251 945 3322 Sic
992 3250 1188 3320 dixit:
1232 3247 1496 3322 Pelides
1539 3275 1698 3321 vero
1741 3257 2087 3344 ingentem
2126 3275 2251 3342 per
2300 3274 2571 3324 coetum

670 3370 1091 3438 Achiuorum
1256 3370 1457 3455 abiit,
1521 3373 1871 3463 postquam
1925 3393 2199 3438 omnem
2241 3370 2569 3441 laudatio-

669 3513 830 3557 nem
871 3489 1176 3558 audierat
1212 3487 1424 3560 Nelei
1451 3488 1592 3569 filii,
1838 3505 2047 3580 atque
2087 3488 2200 3556 ille
2237 3514 2500 3582 pugnae
2533 3534 2568 3548 -

518 3585 526 3593 ⁶
669 3606 885 3672 caestu
927 3608 1436 3675 decernentium
1473 3607 1683 3675 durae
1718 3608 1945 3696 posuit
1970 3612 2304 3697 praemia,
2423 3634 2565 3676 mu-

626 3722 799 3806 lam
842 3723 1219 3794 laborum
1267 3729 1641 3817 patientem
1681 3727 1937 3794 ducens
1979 3726 2215 3816 ligauit
2265 3731 2366 3794 in
2371 3731 2557 3795 circo

495 3843 628 3916 665
668 3840 1056 3930 sexennem,
1102 3847 1544 3929 indomitam,
1603 3869 1782 3936 quae
1827 3843 2214 3913 difficillima
2275 3848 2563 3928 domitu3

672 3976 743 4028 at
777 3963 958 4033 victo
998 3964 1223 4055 posuit
1248 3966 1574 4054 poculum
1610 3965 2005 4033 rotundum.
2211 3963 2420 4034 Stetit
2454 3987 2562 4034 au-

672 4093 808 4148 tem
832 4129 852 4166 ,
914 4099 984 4151 et
1020 4083 1222 4154 verba
1268 4086 1452 4154 inter
1492 4086 1787 4176 Argiuos
1829 4083 2026 4171 fecit:
