2834 4900
371 238 623 290 ,ων
867 211 962 286 ν.
1059 210 1237 283 DE
1340 183 2205 294 vssnslo'NE.

450 406 634 478 tiam
675 394 984 491 confici,
1017 416 1151 473 aut
1171 402 1253 472 in
1282 425 1563 486 eorum·
1579 405 1914 500 gratiam,
1948 409 2082 505 qui
2111 403 2536 481 doctrinam

456 540 538 596 et
574 519 956 595 scientiam
1018 544 1458 620 graecarum
1514 520 1931 597 litterarum
1989 523 2342 627 consequi
2400 553 2530 602 vo·
2598 605 2603 614 ,

360 677 364 692 ·
410 701 414 714 .
450 641 652 730 lunt;
737 634 1037 742 poffunt
1106 663 1416 743 quoque
1458 646 1709 750 parari
1744 643 1844 719 ad
1872 642 2085 718 .vsum
2116 646 2529 752 lectorum,

375 805 382 816 ·
449 765 585 863 qui
615 785 881 861 graeca
909 778 1039 833 aut
1060 764 1446 860 ignorant,
1476 780 1607 836 aut
1638 769 1799 842 otio
1844 764 1942 841 ad
1973 792 2240 866 graeca
2271 765 2538 868 legen·-

447 882 553 956 da
594 880 802 956 haud
844 900 1148 955 vtuntur
1188 904 1322 956 aut
1360 888 1464 957 vti
1505 884 1808 975 nolunt,
1859 903 1991 958 aut
2052 892 2184 988 qui
2228 887 2347 962 vel
2384 885 2527 961 otii

445 1001 759 1079 fallendi
801 1000 1042 1078 caussa
1084 1001 1384 1104 legunt,
1436 1004 1557 1079 vel
1589 1009 1869 1105 ingenii
1910 1002 2242 1106 fingendi
2287 1026 2365 1081 et
2404 1034 2528 1081 or·

446 1123 680 1200 nandi
709 1128 1094 1196 materiam
1127 1122 1572 1199 defiderant.
1674 1127 1827 1199 Pro
1862 1125 2166 1201 diuersis
2192 1128 2306 1200 his
2339 1154 2523 1202 con-

443 1241 611 1318 finis
659 1241 924 1334 laudes
963 1241 1380 1323 versionum
1427 1244 1574 1323 effe
1612 1241 1915 1349 possunt
1955 1247 2368 1322 admodum
2410 1248 2522 1322 di·

440 1362 713 1439 versae.

648 1504 726 1579 Si
755 1505 1020 1603 itaque
1056 1499 1138 1576 in
1162 1502 1310 1582 alio
1339 1499 1760 1602 versionum
1794 1527 2078 1605 genere
2118 1505 2518 1608 perspicui-
2586 1569 2599 1574 -

447 1644 719 1715 tatem,
762 1643 841 1696 et
881 1613 1332 1723 elegantiam
1386 1627 1631 1725 primo
1669 1624 1848 1700 loco
1896 1652 2172 1726 ponas,
2228 1632 2313 1700 in
2352 1628 2518 1703 aliis

349 1839 358 1848 ι
439 1770 584 1849 pro
652 1746 1002 1846 primaria
1050 1741 1326 1818 virtute
1375 1743 1686 1818 habebis
1732 1743 2188 1820 subtiliorem
2232 1774 2513 1844 curam,

440 1865 713 1957 fldem,
749 1862 1173 1937 doctrinam
1203 1860 1793 1966 exquisitiorem3
1833 1870 1915 1940 in
1942 1865 2104 1940 aliis
2138 1866 2373 1943 sensus
2405 1870 2516 1944 di-
2581 1929 2611 1938 -.

440 1985 712 2062 sertam
741 1982 1353 2059 enucleationem
1369 2039 1390 2077 ,
1438 1981 1566 2058 etfi
1598 1984 2008 2086 periphrasi
2046 1987 2179 2061 illa
2215 1987 2299 2060 fit
2338 2015 2516 2091 pro-

439 2112 647 2209 pior3
688 2101 931 2206 potest
960 2101 1325 2204 praeferri
1350 2102 1736 2204 pedestris,
1759 2106 1998 2205 potest
2022 2114 2329 2183 metrica
2356 2134 2516 2184 ver-

434 2226 567 2303 fio.
665 2226 1019 2301 Metricas
1050 2225 1639 2299 Homericorum
1678 2230 2094 2301 carminum
2135 2227 2512 2306 versiones

362 2427 366 2431 ,
431 2348 798 2424 habemus
844 2341 1139 2443 plures,
1171 2369 1370 2444 quae
1401 2344 1712 2446 quidem
1751 2343 1804 2418 fi
1849 2371 1945 2421 eo
1989 2335 2296 2424 confilio
2335 2376 2512 2453 pro-

434 2469 658 2547 cusae
701 2467 905 2555 sunt,
977 2483 1055 2537 vt
1101 2462 1710 2564 interpretationi
1754 2487 2039 2568 poetae
2081 2469 2507 2564 inseruiant,

428 2595 557 2665 vix
594 2584 901 2664 confilio
947 2580 1079 2659 suo
1113 2580 1277 2657 satis
1320 2583 1780 2686 respondere
1814 2588 2197 2663 videntur:
2268 2618 2549 2693 quan-v

430 2705 853 2811 doquidem
904 2721 985 2780 et
1038 2701 1333 2777 diuersa
1387 2702 1746 2781 sermonis
1808 2708 2106 2784 indoles
2165 2730 2243 2784 et
2284 2718 2510 2788 meu-i

428 2827 821 2911 necessitas
847 2828 1091 2926 cogit,
1123 2822 1366 2898 verbis
1394 2830 1682 2925 graecis
1711 2827 1857 2901 alia
1888 2847 2179 2904 tantum
2212 2856 2308 2906 ex
2333 2858 2509 2932 par-

425 2972 510 3027 te
537 2945 1067 3053 respondentia
1093 2941 1558 3039 substituere,
1591 2970 1858 3022 eorum
1887 2938 2236 3024 ordin⁵em
2267 2972 2347 3028 et
2375 2978 2505 3029 co·-
2542 2988 2547 2995 ·
2578 3012 2610 3025 ..

423 3066 674 3148 Iorem
705 3087 1033 3165 mutare,
1063 3063 1507 3141 structuram
1537 3085 1615 3141 et
1649 3065 2047 3146 sententias
2090 3076 2505 3169 inuertere,

421 3190 794 3269 nonnulla
820 3194 1340 3288 interponere,
1376 3186 1528 3261 alia
1571 3192 1959 3279 omittere;
1995 3197 2255 3295 itaque
2281 3200 2373 3268 in-
2392 3195 2506 3272 lo-

423 3319 531 3389 cis
563 3308 1114 3388 obscurioribus
1150 3327 1284 3383 aut
1310 3304 1852 3385 difficilioribus
1868 3364 1889 3403 ,
1914 3315 1996 3385 in
2024 3314 2294 3414 quibus
2321 3315 2503 3389 hae·
2625 3382 2631 3387 ,

420 3459 634 3525 reaS,
670 3457 839 3505 raro
886 3430 1221 3531 aliquam
1265 3428 1522 3504 lucem
1570 3428 1753 3504 inde
1791 3430 2329 3534 consequaris;.
2364 3453 2500 3509 aut

422 3558 629 3631 enim
675 3551 828 3627 alia
868 3550 1195 3627 clariora.
1251 3546 1632 3624 substituta
1675 3548 1875 3644 sunt,
1932 3573 2067 3626 aut
2118 3554 2499 3627 redhibita

420 3673 772 3765 obscura,
802 3669 1257 3773 plerumque
1301 3672 1384 3745 in
1432 3668 1676 3746 altero
1719 3669 2098 3767 sermone,
2143 3678 2225 3746 in
2268 3686 2500 3774 quem

416 3793 788 3891 translata
843 3790 1043 3881 sunt,
1118 3793 1350 3867 etiam
1394 3789 1850 3867 obscuriora.
1984 3794 2219 3890 Quod
2271 3799 2498 3894 igitur

415 3923 572 3998 iam
601 3934 826 3993 antea
856 3908 1207 4003 tenebas,
1244 3935 1445 4015 quae
1477 3909 1564 3986 fit
1591 3911 2005 3991 sententiae
2049 3934 2127 3990 et
2158 3920 2498 3992 contexti
2566 3986 2575 3999 ,

414 4038 733 4143 sumnia,
781 4032 863 4111 id
895 4028 1147 4108 firmes
1180 4029 1381 4107 forte
1410 4032 1831 4110 accedente
1874 4034 2181 4110 alterius
2211 4035 2496 4117 iudicio

414 4156 659 4254 simili,
712 4130 1104 4265 quomodo
1153 4178 1330 4229 vero
1368 4151 1577 4230 hunc
1621 4152 1907 4232 sensum
1935 4181 2032 4235 ex
2056 4156 2299 4235 veibis
2314 4154 2497 4261 ipfia
