2834 4900
677 249 1140 320 ’.1L1ADIS
1209 249 1527 318 1213511.
1605 248 2083 337 mma—563.
2314 247 2423 350 j45

495 467 514 480 ··
537 442 840 523 veloces,
905 442 1194 530 occipite
1264 454 1644 524 comanteS,
1784 436 2168 521 bellatores,
2237 436 2426 505 docti

536 560 874 650 porrectis
955 556 1146 623 hastis
1213 556 1527 624 fraxineis
1654 556 1958 628 thoraces
2009 557 2425 643 disrumpere

359 679 498 763 455
539 676 829 745 hostium
892 679 1059 742 circa
1108 691 1423 765 pectora;
1563 697 1853 764 eumque
1904 673 2087 744 fimul
2136 675 2423 764 quadra-

538 798 728 885 ginta
766 799 990 885 nigrae
1029 815 1236 862 naues
1279 790 1743 883 sequebantur

710 963 846 1051 Qui
881 984 1093 1052 porro
1135 962 1434 1029 Athenas
1463 962 1823 1046 tenebant,
1892 962 2070 1030 bene
2114 962 2418 1030 aedifica-

533 1097 664 1146 tam
723 1081 953 1148 vrbem
975 1129 994 1165 ,
1141 1084 1480 1148 ciuitatem
1563 1081 1919 1149 Erechthei
1989 1083 2414 1172 magnanimi,

531 1221 730 1288 quem
787 1198 954 1265 olim
1005 1197 1318 1265 Minerua
1452 1204 1743 1269 nutriuit
1762 1250 1782 1285 ,
1855 1193 2036 1268 Iouis
2079 1199 2213 1266 fflia
2242 1249 2261 1286 ,
2331 1198 2415 1267 ab

528 1316 699 1384 alma
741 1314 1019 1383 Tellure
1061 1315 1353 1402 editum,
1472 1333 1540 1382 et
1572 1318 1852 1385 Athenis
1874 1317 2252 1402 collocauit,
2294 1316 2418 1386 suo

354 1435 490 1505 550
529 1438 602 1502 in
659 1438 897 1526 pingui
948 1433 1246 1524 templo.
1403 1435 1517 1503 vbi
1587 1435 1792 1526 ipsam
1849 1440 2056 1504 tauris
2109 1453 2179 1504 et
2233 1440 2420 1528 agnis

527 1551 806 1643 placant
931 1551 1052 1619 filii
1092 1552 1617 1678 Atheniensium,
1666 1555 2167 1623 circumuolutis
2207 1558 2417 1624 annia.

529 1669 655 1737 His
750 1674 984 1763 vtique
1065 1688 1373 1763 praeerat
1454 1672 1632 1746 filius
1704 1673 1897 1740 Petei
1977 1672 2416 1744 Menestheus.

377 1865 388 1877 ι
520 1789 701 1857 Huic
755 1790 940 1857 haud
997 1794 1346 1884 quisquam
1401 1790 1622 1861 fimilis
1678 1796 1858 1861 inter
1908 1793 2244 1861 terrestres
2287 1792 2419 1858 fuit

516 1910 626 1973 vir
647 1957 665 1988 ,
815 1911 890 1974 in
949 1907 1349 1976 instruendis
1405 1911 1708 1978 curribus
1764 1928 1833 1978 et
1900 1916 2059 1979 viria
2113 1911 2420 1981 scutatis:

361 2026 497 2096 555
538 2024 778 2090 Nestor
816 2021 992 2089 solus
1036 2027 1391 2114 aequabat:
1460 2030 1573 2093 hic
1614 2033 1793 2094 enim
1844 2044 2058 2096 aetate
2101 2025 2422 2119 grandior

542 2154 703 2204 erat.
819 2139 1028 2203 Hunc
1097 2157 1319 2205 autem
1389 2141 1576 2207 fimul
1641 2148 2123 2235 quinquaginta
2190 2150 2420 2235 nigrae

531 2276 739 2320 naues
793 2252 1263 2345 sequebantur.

699 2422 866 2489 Aiax
910 2437 1134 2503 autem
1190 2446 1268 2490 ex
1318 2422 1652 2493 Salamine
1718 2423 2006 2491 ducebat
2064 2425 2421 2499 duodecim

531 2563 772 2626 naues,
893 2541 1365 2634 constituitque
1408 2542 1694 2626 ducens,
1764 2541 1878 2612 vbi
1917 2542 2417 2613 Athenienfium
2492 2606 2499 2614 .

521 2658 772 2728 stabant
831 2659 1207 2752 phalanges.

695 2811 831 2898 Qui
876 2827 1098 2878 autem
1138 2812 1495 2901 Argosque
1531 2809 1891 2896 tenebant,
1981 2812 2414 2906 Tirynthem-

352 2928 482 2997 560
527 2950 664 3019 que
701 2928 1274 3016 bene-munitam
1298 2979 1316 3013 ,
1351 2948 1354 2951 ’
1483 2931 1940 3009 Hermionen,
2008 2930 2412 3026 Afinenque,
2460 3024 2461 3027 Ἴ

439 3082 446 3087 -
525 3045 940 3135 profundum
962 3046 1170 3115 finum
1204 3065 1635 3139 occupantes,
1766 3049 2207 3134 Troezenem,
2246 3052 2413 3119 Eio-

523 3184 814 3253 nasque,
883 3156 1619 3233 et'vitibus-confitam
1659 3167 2111 3256 Epidaurum,
2260 3174 2412 3260 qui..

523 3303 660 3372 que
732 3281 1056 3348 tenebant
1119 3284 1483 3375 Aeginam,
1562 3284 2058 3373 Masetemque,
2126 3289 2408 3354 iuuenes

518 3399 968 3468 Achiuorum:
1119 3400 1220 3467 his
1288 3425 1498 3491 porro
1547 3416 1852 3492 praeerat
1889 3399 2067 3471 bello
2107 3403 2406 3477 strenuus

514 3515 924 3602 Diomedes,
1052 3534 1121 3583 et
1157 3517 1550 3601 Sthenelus,
1627 3520 1929 3608 Capanei
1964 3514 2201 3608 inclyti
2244 3516 2414 3584 dile-

259 3680 273 3692 ·
349 3639 480 3710 565
519 3654 667 3704 ctus
709 3632 922 3703 filius.
1043 3659 1192 3702 cum
1228 3637 1333 3713 his
1377 3658 1540 3706 vero
1587 3635 1772 3705 fimul
1802 3634 2129 3726 Euryalus
2169 3638 2411 3703 tertius

515 3755 659 3822 ibat
698 3752 976 3820 fimilis-
994 3751 1126 3820 deo
1153 3759 1316 3838 vir,
1487 3753 1786 3823 Mecistei
1842 3754 2016 3829 filius
2060 3752 2409 3821 ΤειῙειϊοιιι

517 3856 643 3936 dae
678 3874 872 3965 regis.
947 3894 971 3909 ··
1041 3869 1372 3941 Vniuerfis
1408 3890 1627 3941 autern
1673 3888 1977 3964 praeerat
2027 3870 2205 3939 bello
2245 3855 2403 3937 stre-

515 4013 688 4056 nnua
730 3988 1131 4060 Diomedes.
1265 3992 1528 4085 hosque
1567 3988 1753 4065 fimul
1794 3994 2139 4080 octoginta
2173 3989 2403 4076 nigrae

357 4134 378 4145 ”
517 4130 719 4175 naues
786 4045 1251 4197 sequebantur.
