2834 4900
489 271 573 350 54
847 255 1251 327 ILIADIS
1323 257 1510 324 LIB.
1551 255 1642 324 11.
1719 279 1780 324 v.
1816 263 2201 348 mit-267.

656 449 1130 526 honorarium,
1193 441 1381 536 quod
1427 443 1566 532 ipse
1619 447 1685 509 vi
1725 444 2017 511 abstulit.
2184 446 2555 515 Enimuero

659 592 798 635 non
851 564 1099 634 Achilli
1142 548 1304 629 bilis‘
1346 561 1433 628 est
1492 566 1565 628 in
1625 563 2071 651 praecordiis,
2148 562 2263 668 sed
2334 563 2559 632 socors

660 690 783 754 ille
838 682 970 770 ‘fif
1131 681 1385 772 alioqui
1444 683 1660 776 enim,
1746 679 2019 765 Atrida,
2079 705 2267 750 nunc
2304 683 2563 773 postre-

661 827 844 873 mum
885 803 1166 869 iniurius
1212 799 1503 865 fuiffes.“

827 922 942 987 Sic
1000 920 1197 1002 dixit,
1272 920 1660 983 conuicians
1716 916 2249 1007 Agamemnoni,
2314 916 2563 1008 pastori

656 1038 1093 1133 populorum,
1231 1033 1598 1104 Therfites:
1669 1034 1829 1101 huic
1870 1052 2093 1101 autem
2140 1039 2276 1101 cito
2320 1035 2564 1102 adstitit

492 1165 622 1250 245
667 1155 913 1227 nobilis
961 1155 1214 1247 Vlyss'es
1250 1202 1266 1234 ,
1413 1170 1484 1220 et
1539 1152 1781 1244 ipsum.
1810 1166 2011 1219 torue
2055 1156 2336 1220 intuitus
2386 1153 2561 1220 duro

658 1278 1052 1366 increpauit'
1134 1274 1475 1340 sannone:
1635 1271 1985 1352 „Thersite
2068 1269 2559 1363 loquaciffime,

662 1393 946 1464 volubili
982 1392 1209 1483 lingua
1252 1411 1655 1481 quamquam
1701 1389 1779 1456 fis
1835 1393 2314 1474 concionator,
2351 1417 2356 1421 ·
2444 1391 2564 1457 de-

665 1515 836 1598 fine,
884 1534 1111 1600 neque
1152 1506 1311 1577 velis
1356 1506 1537 1576 solus
1585 1511 1950 1575 conuiciari
1995 1508 2292 1598 regibust
2413 1533 2565 1577 non

670 1638 847 1698 enim
896 1652 1021 1719 ego
1042 1611 1076 1710 ,’
1096 1649 1293 1718 quam
1330 1642 1411 1692 tu
1454 1626 1567 1708 fis,
1620 1604 1857 1693 censeo
1894 1625 2338 1694 imbelliorem
2377 1651 2564 1696 mor-

663 1751 864 1815 talem
890 1745 1090 1812 alium
1190 1745 1339 1826 ess'e,
1386 1759 1732 1834 quotquot
1765 1768 1915 1809 eum
1949 1744 2202 1811 Atridis
2243 1746 2328 1811 ad
2359 1745 2563 1812 Jlium

501 1874 626 1942 250
668 1880 1022 1936 venerunt.
1187 1863 1416 1948 Quare
1458 1885 1550 1928 ne
1599 1885 1785 1953 reges
1830 1865 1905 1928 in
1945 1885 2066 1928 ore
2099 1862 2352 1929 habens
2399 1888 2569 1930 eon-

674 1985 1001 2063 donetis,
1132 2003 1268 2046 neu
1303 1979 1454 2070 ipfis
1495 1980 1747 2069 probra
1797 1981 2039 2065 facias,
2101 2005 2231 2049 nec
2274 1982 2571 2048 reditum

669 2121 1056 2193 opportune
1094 2114 1317 2187 captes
1367 2098 1468 2162 ad
1527 2099 1627 2163 id.
1796 2098 2148 2178 (Nondum
2204 2100 2402 2189 plane
2444 2099 2576 2166 sci-

617 2285 632 2306 ,
671 2243 819 2286 mus
847 2215 1199 2310 quomodo
1237 2214 1505 2289 futurae
1536 2215 1807 2282 finthae
1833 2239 1980 2304 res;
2110 2231 2331 2284 vtrum
2367 2217 2572 2299 bene,

554 2347 586 2422 ᾗ
674 2361 760 2404 an
791 2335 963 2402 male
983 2385 1000 2420 ,
1054 2333 1339 2399 redituri
1365 2332 1560 2400 fimus
1585 2333 1704 2400 filii
1731 2334 2207 2418 Achiuorum.)
2349 2335 2574 2428 Prop-

672 2474 858 2522 terea
902 2475 1087 2519 nunc
1126 2451 1405 2517 Atridae
1457 2454 1987 2543 Agamemnoni,
2062 2452 2306 2543 pastori
2345 2478 2577 2545 popu-

502 2578 632 2646 255
675 2573 932 2652 lorum,
1092 2567 1279 2634 sedes
1337 2571 1564 2634 iacens
1609 2572 1962 2658 conuicia;
2031 2546 2190 2661 quia
2262 2576 2323 2639 ei
2374 2574 2578 2642 valde

671 2687 883 2753 multa
923 2686 1092 2751 dant
1225 2687 1468 2752 heroes
1510 2687 1771 2777 Danai;
1843 2702 1921 2754 tu
1978 2710 2142 2756 vero
2197 2691 2575 2760 maledictis

675 2807 943 2871 irritans
988 2806 1434 2872 concionaris.
1604 2805 1740 2873 Sed
1796 2806 1922 2872 tibi
1968 2808 2201 2891 edic0‚
2269 2810 2457 2900 quod
2508 2828 2576 2880 et

676 2922 1051 3013 perfectum
1110 2925 1274 2992 erit:
1429 2923 1658 2989 Sicubi
1706 2927 1952 2992 iterum
2009 2941 2079 2992 te
2130 2926 2574 2998 insanientem

680 3038 1193 3131 deprehendero
1218 3089 1236 3124 ‚
1311 3040 1475 3106 ficut
1518 3044 1648 3107 iam
1691 3044 1824 3126 hic,
1975 3067 2066 3110 ne
2124 3046 2406 3135 amplius
2453 3048 2581 3116 de-

510 3162 642 3229 260
686 3163 918 3248 inceps
970 3157 1177 3248 Vlyffi
1233 3176 1436 3248 caput
1472 3159 1669 3250 super
1712 3161 2027 3230 humeros
2076 3160 2175 3246 fit,
2348 3189 2587 3259 neque

620 3266 628 3276 ⁴
677 3277 951 3369 posthac
993 3275 1377 3342 Telemachi
1416 3293 1609 3368 pater
1650 3301 1886 3364 vocer,
2017 3279 2064 3348 fi
2109 3304 2255 3349 non
2292 3302 2460 3375 ego,
2498 3301 2582 3359 te

674 3394 1196 3486 comprehenso,
1269 3411 1414 3461 tuas
1458 3397 1732 3488 quidem
1775 3396 1980 3467 vestes
2022 3423 2307 3483 exuet-0,
2438 3401 2582 3469 lae-

675 3534 970 3604 namque
1002 3529 1072 3579 et
1097 3516 1389 3581 tunicam
1411 3562 1429 3598 ‚
1481 3538 1787 3606 quaeque
1822 3514 2142 3608 pudenda
2177 3533 2570 3609 contegunt,

591 3648 624 3663 ··
675 3626 889 3720 ipsum
942 3647 1162 3698 autem
1219 3648 1291 3698 te
1334 3632 1608 3701 flentem
1664 3635 1931 3703 veloces
1987 3637 2073 3703 ad
2116 3658 2323 3703 naues
2362 3634 2572 3703 demi-

675 3746 822 3815 sero
953 3748 1211 3815 caesum
1257 3773 1296 3818 e
1334 3756 1672 3821 concione
1712 3752 1893 3821 duris
1942 3753 2405 3823 verberibus.“

405 3844 412 3849 ⁶
502 3864 636 3936 265
845 3866 958 3933 Sic
1019 3867 1218 3951 dixit,
1297 3868 1700 3963 sceptroque
1759 3872 2053 3965 tergum*
2081 3889 2285 3966 atque
2337 3875 2573 3945 hume·
2666 3876 2673 3883 ’

673 4004 788 4049 ros
920 3986 1265 4075 percuffit3
1315 3987 1431 4054 ille
1471 4013 1633 4058 vero
1680 3980 2120 4083 intorquebat
2169 3992 2274 4073 [ες
2315 3994 2578 4060 vberes-
2658 3972 2665 3981 ⁸

671 4123 806 4190 qne
862 4106 921 4165 ei
977 4103 1367 4174 exciderunt
1416 4109 1784 4201 lacrymam
1911 4110 2239 4204 vibexque
2302 4125 2577 4181 cruenta

1140 4212 1153 4245 ,
1430 4222 1440 4231 .

435 3734 468 3765 δ
