2834 4900
433 231 522 312 45
817 221 1227 294 1L1AD18
1283 227 1472 295 Lm.
1504 230 1597 295 11.
1658 249 1720 300 v.
1750 232 2134 322 517-542.

764 416 979 482 Porro
995 463 1014 498 ,
1070 415 1517 484 Phocenfibus
1568 418 1890 486 Schedius
1945 436 2013 488 et
2053 415 2486 510 Epistrophus

596 533 1053 624 imperabant,
1161 533 1298 600 fflii
1331 534 1539 624 ‚Iphiti
1582 540 1987 627 magnanimi
2019 511 2479 614 Naubolidae5

594 657 714 744 qui
769 651 1183 744 Cyparissum
1247 652 1610 736 tenebant,
1680 655 2197 747 Pythonemque
2250 670 2482 745 petro-

410 774 552 843 520
595 770 750 853 sam,
866 771 1274 862 Criss'amque
1315 773 1652 855 eximiam,
1718 787 1800 856 etg
1840 774 2202 841 Daulidem
2245 789 2315 839 et
2353 771 2481 837 Pa-

592 912 931 980 nopeum,
1092 892 1358 979 quique·
1403 890 1873 974 Anemoriam,
1953 908 2024 958 et
2064 889 2479 983 Hyampolin
2598 936 2605 948 -

596 1005 1270 1089 circumhabitabant,
1401 1010 1652 1098 quique
1677 1010 1855 1099 apud
1891 1010 2172 1076 fluuium
2206 1005 2480 1100 Cephis-

596 1127 742 1195 sum
795 1124 1098 1192 nobilem
1156 1123 1584 1209 habitabant,
1722 1130 1977 1221 quique
2034 1127 2328 1201 Lilaeam
2375 1141 2479 1204 tef-

590 1243 882 1327 nebant,
964 1243 1228 1310 fontem
1273 1243 1359 1309 ad
1409 1243 1732 1334 Cephiffi:
1865 1248 1991 1324 hos
2035 1260 2255 1314 autem
2291 1242 2480 1310 simul

418 1366 546 1438 525
590 1363 1026 1455 quadraginta
1067 1364 1297 1451 nigrae
1337 1384 1546 1429 naues
1586 1359 2050 1454 sequebantur.
2194 1362 2289 1430 Hi
2312 1361 2470 1452 qui-

586 1483 737 1550 dem
810 1479 1246 1547 Phocenfium
1306 1478 1577 1545 ordines
1650 1481 2134 1554 constituebant
2190 1482 2473 1547 circum.

583 1617 839 1669 euntes.
969 1589 1267 1665 Boeotos
1330 1573 1553 1665 autem
1596 1619 1861 1687 prope,
1925 1599 2012 1666 ad
2052 1598 2304 1670 laevam
2364 1622 2470 1666 ar..

577 1719 952 1788 mabantur.
1235 1693 1239 1702 ⁴
1383 1795 1387 1804 .

740 1832 1179 1904 Locrenfibus
1253 1846 1477 1899 autem
1552 1849 1693 1900 erat
1765 1833 1932 1919 dux,
2013 1835 2197 1920 Oilei
2226 1836 2460 1926 filius,

578 1955 772 2025 velox
803 1954 1003 2034 Aiax,
1137 1953 1430 2040 (minor,
1474 1971 1912 2043 ⁸nequaquam
1955 1969 2204 2037 tantus,
2250 1979 2465 2045 quan-

573 2089 685 2140 tus
728 2069 1161 2137 Telamonius
1190 2070 1391 2151 Aiax,
1562 2067 1677 2135 sed
1716 2070 1929 2135 multo
1988 2071 2247 2159 minor;
2314 2096 2466 2161 par·

575 2211 697 2257 vus
781 2188 1054 2280 quidem
1125 2203 1269 2253 erat
1299 2236 1317 2270 ,
1420 2185 1674 2252 lineum
1759 2175 2102 2259 thoraeem
2151 2188 2458 2279 gestans,

405 2313 534 2383 530
574 2307 790 2376 hastae
869 2321 1093 2371 autem
1156 2306 1398 2394 peritia
1466 2305 1739 2369 eximius
1792 2321 1935 2371 erat
1986 2311 2169 2371 incer
2224 2332 2459 2377 omnes

574 2425 871 2492 Graecos
914 2440 981 2488 et
1023 2413 1373 2514 Achiuos.)
1496 2423 1635 2510 Qui
1679 2421 2083 2514 Cynumque
2121 2424 2453 2515 colebant,

572 2540 1128 2630 Opoe‘ntemque,
1163 2540 1693 2629 Galliarumque,
1813 2539 2218 2633 Beffamque,
2264 2547 2456 2616 Scar-

473 2676 482 2683 “
570 2656 885 2749 phenque
902 2704 921 2738 ,
1006 2672 1076 2721 et
1144 2657 1391 2744 Augias
1463 2674 1804 2739 amoenas,
1976 2657 2449 2757 Tarphenque,

565 2776 1114 2863 Throniumque,
1177 2773 1446 2862 Boagrii
1487 2774 1662 2839 circa
1704 2772 1985 2843 fluenta:
2109 2779 2294 2849 huno
2333 2807 2452 2851 au-

562 2912 700 2960 tem
753 2890 941 2960 fimul
1009 2886 1474 2980 quadraginta
1517 2891 1751 2979 nigrae
1806 2915 2012 2960 naues
2082 2894 2449 2993 sequeban-

393 3014 522 3086 535
561 3029 675 3080 tur
801 3006 1231 3075 Locrenfium
1252 3057 1270 3091 ,
1328 3010 1449 3098 qui
1483 3007 1787 3081 habitant
1824 3009 1997 3078 ultra
2035 3012 2280 3084 sacram
2310 3019 2449 3087 Eu.

559 3132 820 3199 boeam.

725 3246 863 3335 Qui
896 3259 1121 3311 autem
1150 3244 1498 3311 Euboeam
1537 3244 1894 3329 tenebant,
1941 3247 2153 3315 robur
2192 3250 2446 3341 spiran-

410 3413 416 3419 -
553 3362 656 3433 tes
698 3364 1016 3445 Abantes,
1159 3348 1680 3452 Chalcidemque
1699 3411 1718 3446 ,
1768 3364 2229 3458 Eretriamque
2248 3417 2267 3451 ,
2326 3371 2443 3434 ab-

407 3520 416 3528 ·
553 3482 1066 3572 undantemque.
1131 3483 1274 3547 vuis
1348 3479 1738 3569 Histiaeam,
1914 3484 2442 3575 Cerinthumque

551 3603 947 3693 maritimam
966 3651 983 3683 ,
1019 3602 1276 3690 Diique
1317 3596 1518 3665 altam
1558 3577 1808 3684 vrbem,
1935 3604 2184 3692 quique
2227 3604 2441 3695 Cary.

380 3722 512 3811 540
553 3718 719 3787 stum
773 3720 1094 3786 tenebant
1117 3766 1135 3801 ,
1221 3730 1290 3783 et
1333 3719 1454 3808 qui
1502 3717 1704 3810 Styra
1762 3708 2187 3792 habitabant:
2310 3722 2470 3792 ho-,

407 3872 418 3882 ·
481 3840 488 3845 ”
546 3840 697 3906 'rum
738 3840 969 3928 vtique
1019 3835 1152 3902 dux
1194 3850 1336 3901 erat
1373 3834 1799 3925 Elephenor,
1864 3834 2127 3904 soboles
2170 3837 2434 3929 Martie,

550 3954 1196 4036 Chalcodontiades,
1240 3956 1819 4045 magnanimorum
1855 3955 2166 4044 princeps
2205 3956 2436 4023 Aban·-

547 4089 732 4151 tum:
864 4066 1052 4145 'hunc
1107 4088 1324 4151 autem
1381 4073 1567 4144 fimul
1622 4072 1918 4142 Abantes
1988 4071 2437 4164 sequebantur

1253 4188 1270 4221 ἱ
