2834 4900
770 195 1177 270 ILIADIS
1231 199 1424 274 LIB.
1456 201 1550 277 11.
1612 225 1673 277 v.
1708 229 2097 308 701—727.
2399 229 2479 304 51

575 404 715 456 erat
732 438 750 473 ,
893 408 962 457 et
1006 390 1244 459 domus
1288 394 1784 486 semiperfecta;
1841 422 1994 470 eum
2039 410 2222 476 enim
2265 414 2482 485 inter..

565 504 733 573 fecit
781 508 1140 577 Dardanus
1180 514 1318 598 vir,
1495 514 1582 582 de
1618 519 1780 583 naui
1821 517 2226 596 defilientem
2267 531 2477 627 longe

452 675 458 686 .
565 621 862 715 primum
915 626 1346 699 Achiuorum.
1530 631 1620 700 Et
1657 649 1887 704 tamen
1925 661 2014 707 ne
2050 639 2167 713 isti
2192 652 2469 740 quidem

568 740 709 808 fine
774 742 941 810 duce
1013 761 1240 829 erant3
1346 747 1809 822 defiderabant
1878 759 2154 849 quidem
2196 767 2468 854 ducem

444 885 462 894 ·
546 860 765 946 suum
809 867 1149 952 priorem,·
1318 865 1435 933 sed
1478 867 1656 959 ipsos
1707 874 2067 946 ordinabat
2103 882 2465 974 Podarces,

387 975 536 1064 705
573 976 790 1067 proles
813 980 1088 1065 Martis,
1215 982 1452 1071 Iphicli
1484 985 1658 1055 filius
1689 987 1978 1061 diuitis-
1941 1016 2255 1089 -pecore
2266 1005 2464 1098 *Phy-

435 1117 442 1126 ·
553 1094 838 1185 laddae,
991 1098 1199 1165 frater
1237 1121 1591 1191 germanus
1636 1093 2042 1200 magnanimi
2083 1118 2452 1210 Protesilai,

420 1225 434 1236 ·
548 1217 777 1282 minor
827 1232 1026 1288 natu.
1100 1236 1255 1283 erat
1303 1225 1537 1313 vtique
1587 1229 1803 1296 maior
1860 1247 2025 1299 natu
2081 1252 2150 1302 et
2203 1240 2456 1311 fortior

365 1411 374 1418 ι
425 1357 434 1366 ·
545 1332 746 1399 heros
803 1332 1201 1402 Protefilaus
1260 1335 1646 1411 bellicosus:
1688 1365 1702 1376 ·
1736 1366 1817 1411 ac
1869 1353 2261 1444 neutiquam
2332 1383 2449 1427 co-

416 1465 428 1474 ·
537 1454 695 1541 piae
743 1455 889 1518 eius
1007 1453 1401 1542 indigebant
1446 1454 1656 1537 duce3
1717 1461 2179 1537 desiderabant
2214 1489 2445 1547 tamen
2570 1511 2577 1520 ·

347 1590 499 1659 '7¹0
538 1570 754 1660 ipsum
795 1567 1132 1638 strenuum
1155 1567 1668 1654 Protesilaum:
1792 1580 1976 1651 hunc
2005 1597 2225 1658 autern
2252 1591 2441 1664 fimul

413 1702 424 1710 ·
537 1689 980 1782 quadraginta
1019 1692 1250 1781 nigrae
1284 1713 1495 1761 naues
1531 1691 2001 1786 sequebantur.

604 1937 610 1942 ’
707 1917 846 2014 Qui
868 1925 876 1936 ⁰
897 1947 1064 1998 vero
1115 1925 1359 1996 Pheras
1414 1927 1731 1999 colebant
1794 1939 1976 2026 apud
2010 1937 2434 2012 Boebeidem

409 2051 418 2062 '
534 2035 796 2124 lacum,
922 2044 1241 2127 Boeben,
1304 2059 1371 2112 et
1409 2047 1823 2137 Glaphyran,
1884 2069 1953 2118 et
1988 2056 2218 2122 bene-
2246 2064 2432 2129 aedi-

415 2171 426 2179 ·
535 2155 802 2222 ficatam
844 2156 1177 2237 Iaolcum3
1316 2161 1562 2228 horum
1605 2166 1972 2254 imperabat
2013 2171 2283 2240 Admeti
2328 2177 2433 2244 di-

530 2274 745 2341 lectus
795 2272 970 2341 filius
1013 2275 1320 2342 mdecim
1361 2278 1669 2345 nauibus·
1772 2277 2145 2372 Eumelus,
2227 2315 2448 2381 quem,

408 2399 418 2414 '
530 2415 612 2461 ex
705 2392 1001 2462 Admeto
1094 2397 1358 2485 peperit
1452 2397 1986 2487 praestantiffima
2069 2405 2424 2481 mulierum

352 2514 484 2605 715
528 2512 832 2596 Alcestis,
884 2512 1108 2579 Peliae
1150 2512 1433 2581 filiarum
1472 2516 1689 2583 forma
1720 2520 2275 2608 praestantiffima.

690 2632 829 2720 Qui
886 2648 1109 2698 autem
1161 2632 1544 2701 Methonen
1604 2653 1676 2702 et
1716 2634 2187 2709 Thaumaciam
2233 2648 2417 2716 cole-

392 2772 404 2789 *
513 2752 711 2833 bant,
900 2756 990 2817 et
1022 2750 1430 2818 Meliboeam
1485 2754 1847 2859 tenebant,
1927 2775 1996 2825 et
2051 2760 2414 2835 Olizonem

391 2886 398 2893 ·
511 2868 842 2959 asperam,
968 2868 1213 2935 horum
1252 2870 1658 2939 Philoctetes
1693 2892 2035 2963 praeerat,
2096 2894 2255 2949 ar'cu
2290 2908 2412 2974 pe-

423 3006 426 3011 Α
512 2991 714 3070 ritus,
885 2984 1137 3077 septem
1194 2990 1517 3072 nauibus;
1587 2995 2006 3084 remigesque
2059 2998 2132 3064 in
2177 3021 2410 3067 vuam-

342 3126 474 3195 720
519 3128 854 3197 quamque
919 3109 1404 3199 quinquaginta
1596 3110 2122 3179 conscenderant
2141 3162 2161 3199 ‚
2244 3138 2406 3186 arcu

387 3232 404 3249 ’
507 3221 708 3312 periti
751 3223 836 3290 ad
878 3224 1146 3291 fortiter
1183 3226 1640 3317 pugnandum.
1814 3229 2131 3297 Ceterum
2173 3232 2289 3299 ille
2328 3238 2406 3301 in

393 3362 404 3379 ¹
501 3340 716 3409 insula
756 3342 1017 3409 iacebat
1053 3346 1358 3433 ingentes
1389 3343 1661 3411 dolores
1694 3345 2079 3435 perferens,
2201 3350 2403 3418 Lem..

387 3474 396 3480 '
500 3483 598 3527 no
647 3463 722 3527 in
763 3461 1028 3546 diuina,
1087 3458 1203 3529 vbi
1239 3460 1451 3550 ipsum
1493 3461 1905 3553 reliquerant
1943 3464 2063 3531 fflii
2103 3465 2400 3537 Achiuo-

384 3588 396 3598 “
499 3598 651 3645 rum
670 3626 690 3663 ,
843 3578 1061 3645 vlcere
1099 3577 1519 3645 laborantem
1558 3595 1739 3648 tetro
1782 3581 2133 3671 perniciosi
2173 3583 2396 3676 hydri.

386 3716 398 3729 ⁹
495 3696 598 3762 Ibi
657 3696 769 3765 ille
814 3697 1076 3765 iacebat
1114 3720 1491 3766 moerenst·
1532 3700 1670 3765 cito
1717 3706 1941 3766 autem
1981 3703 2400 3771 recordaturi

334 3811 464 3900 725
507 3817 697 3883 erant
817 3817 1054 3907 Argiui
1098 3817 1276 3907 apud
1314 3838 1524 3883 naues
1561 3815 1977 3884 Philoctetae
2016 3824 2209 3910 regis.
2309 3822 2399 3887 Et

381 3908 408 3953 ὲ
465 3948 744 4001 ‘tamen'
781 3955 892 4002 ne·
925 3935 1027 4002 isti
1076 3935 1351 4027 quidem
1388 3936 1735 4005 fineduce
1778 3953 2001 4018 erant,
2068 3936 2396 4004 defidera-

499 4049 661 4120 bant
699 4069 926 4122 tamen
972 4053 1212 4121 ducem
1233 4059 1493 4143 suum,
1614 4052 1770 4122 'sed
1812 4050 2076 4123 Medon
2122 4052 2395 4121 ordina-

1482 4169 1550 4236 D
1588 4194 1631 4238 2
