2834 4900
666 271 2013 374 ΗοΜΕΒΙιΑΤῙΝΑ
2184 323 2419 376 αω-

296 504 672 590 quantum
741 484 936 577 vidi,
1014 508 1302 560 omnes.
1444 484 1896 558 pronuntiat
1972 507 2229 562 autem
2280 493 2377 563 H.

289 607 764 708 Stephanus,
822 601 1228 680 verfionem
1285 621 1400 677 tot
1439 607 2089 706 ;vitiis³{oneratam
2146 607 2383 703 fuiss'e,

287 749 368 802 vt
416 734 498 800 in
544 753 634 800 ea
682 724 1150 826 acquiescere
1205 722 1413 818 haud
1466 721 1783 824 posset„
1816 751 2158 829 cumque,
2199 733 2385 805 Por.

285 866 620 937 tu1n‚vt
673 843 1274 954 recognoscereti,
1336 842 1601 918 frustra
1656 843 2008 946 rogass'et,
2074 851 2381 926 tandem

282 969 415 1057 id,
467 966 698 1068 quod
715 966 810 1039 ab
866 964 1000 1039 mo
1047 965 1391 1040 obtinere
1435 964 1642 1040 haud
1682 985 2064 1067 potuerat,
2110 976 2387 1070 partim

282 1116 335 1162 a
409 1085 481 1161 se
540 1084 733 1188 ipse,
793 1090 1064 1186 partim
1120 1083 1215 1157 ab
1258 1084 1417 1158 aliis
1461 1091 1864 1185 impetrare
1906 1086 2200 1164 necesse
2250 1088 2379 1166 ha-

178 1273 188 1282 .
280 1201 542 1287 buiffe.
645 1211 982 1307 Apparet
1028 1230 1124 1279 ex
1162 1203 1315 1297 hia,
1372 1202 1697 1306 plurium
1738 1213 2067 1282 virorum
2110 1210 2381 1287 docto-

280 1353 460 1399 rum
512 1331 747 1426 opera
793 1329 1228 1420 coniuncta„
1246 1322 1654 1402 versionem
1700 1325 1897 1402 hanc
1946 1329 2379 1407 confectam

282 1443 467 1534 ess'e,
514 1446 916 1544 mutando,
960 1443 1521 1546 interpolando,
1584 1445 1946 1546 poliendo
1997 1469 2076 1523 et
2122 1477 2378 1526 emen-
2452 1499 2459 1524 .

284 1565 572 1640 dando.
724 1570 888 1642 Nec
947 1591 1127 1641 vero
1194 1564 1557 1640 Aemilius
1618 1567 1891 1639 Portus
1932 1593 2076 1667 pro
2127 1575 2374 1670 primo

285 1705 606 1760 auctore
686 1684 1076 1761 habendus
1139 1683 1285 1761 effe
1344 1686 1673 1777 videtur3
1772 1689 2097 1787 primum
2169 1697 2373 1767 enim

278 1824 671 1882 auctorem
734 1806 1091 1886 Iustinum
1156 1809 1449 1881 Diuum
1490 1803 1728 1882 fuifl'e
1801 1831 2149 1909 apparet,
2218 1819 2371 1913 pri-

276 1952 641 2026 mumque
700 1954 871 2003 eam
930 1947 1229 2003 nactam
1291 1923 1442 2002 effe
1514 1926 2078 2004 emendatorem
2130 1929 2370 2007 Henr.

275 2047 864 2136 pantaleonem,
905 2066 1068 2119 tum
1117 2045 1448 2119 diuersos
1502 2051 1699 2120 viros
1738 2046 2013 2123 doctos
2061 2054 2142 2122 in
2189 2051 2363 2127 edd.

288 2159 813 2234 Bafileenfibus
855 2188 991 2258 per
1034 2162 1281 2233 Nicol.
1321 2163 1742 2258 Brylinger‚
1783 2168 2373 2266 prim00quidem

280 2278 570 2358 sebast.
638 2277 1141 2353 Castalionem
1211 2276 1427 2352 1561.
1492 2283 1623 2378 qui
1672 2277 1746 2366 se
1802 2284 1903 2352 ait
1959 2282 2371 2362 editionem

279 2401 666 2501 superiore
710 2422 912 2473 anno
957 2425 1002 2471 a
1046 2394 1390 2505 Crispino
1444 2397 1863 2473 Geneuenfi
1903 2404 2371 2507 typographo

281 2540 653 2611 curatam,
697 2514 1097 2595 reddidisse
1143 2539 1222 2594 et
1264 2515 1675 2595 verfionem
1717 2518 2130 2621 castigaIIe5
2173 2529 2365 2602 mul-

278 2663 368 2716 to
413 2661 661 2715 tamen
706 2644 1066 2714 maiorem
1108 2664 1429 2741 operam.
1460 2636 1533 2713 se
1574 2645 1654 2713 in
1701 2638 2019 2738 Odyss'ea
2061 2648 2359 2744 praesti-

274 2758 465 2837 tiffe.
616 2758 1118 2835 Castalionem
1180 2757 1533 2860 sequutus
1605 2756 1707 2834 est
1764 2761 2215 2859 Spondanus
2274 2772 2358 2844 in

273 2884 395 2959 ed.
441 2880 648 2955 Bafil.
708 2881 922 2956 1583.
965 2882 1204 2953 Miror
1263 2877 1695 2953 Castalionis
1755 2876 2216 2981 diligentiam
2255 2889 2352 2962 ab

275 3005 433 3078 aliis
472 3002 633 3077 fere
708 2998 853 3076 ess'e
923 2998 1345 3100 neglectam
1406 3017 1537 3072 aut
1587 3002 2024 3099 ignoratam.
2175 3011 2369 3083 Non·

278 3121 686 3197 dubito-ab
732 3125 965 3196 Henr.
1011 3117 1396 3219 Stephano
1444 3142 1615 3192 eam
1659 3122 1738 3190 in
1775 3120 2166 3199 confilium
2202 3127 2354 3205 effe

276 3242 725 3334 adhibitam,
774 3267 818 3314 a
862 3266 1016 3341 quo
1067 3238 1456 3339 sequentes
1499 3237 1822 3313 editores
1853 3259 1929 3315 et
1972 3266 2354 3321 correcto·

273 3389 394 3438 res
433 3358 873 3464 pependiffe
918 3358 1173 3462 paullo
1218 3377 1398 3431 ante
1428 3358 1709 3445 docui.
1860 3359 2035 3435 Post
2087 3389 2353 3442 omnes

276 3503 530 3557 tamen
592 3481 726 3555 has
781 3485 1110 3553 virorum
1165 3477 1570 3552 doctorum
1631 3505 1845 3554 ouras
1900 3481 2138 3556 nolim
2182 3511 2353 3559 eam

199 3590 210 3597 ’
280 3601 424 3674 vllo
467 3586 615 3674 alio
659 3605 970 3674 nomine
1016 3596 1327 3689 censeri,
1374 3623 1602 3697 quam
1645 3596 1894 3698 quod,
1934 3628 2109 3677 cum
2151 3606 2355 3686 aava*

211 3758 220 3771 ·
279 3712 463 3800 πέδω
513 3720 712 3794 facta
757 3717 873 3812 fit,
911 3718 1329 3811 ⁸verborum
1361 3714 1816 3818 singulorum
1862 3716 2141 3797 sensum
2168 3752 2354 3826 qua·

229 3870 252 3883 ‘
286 3839 644 3942 licunque
687 3840 924 3914 modo
969 3838 1255 3930 reddit3
1308 3843 1696 3940 ceteroqui
1738 3856 1989 3915 autem
2027 3867 2171 3918 nec
2202 3844 2356 3920 ele·-
2407 3866 2414 3875 ·

197 4050 203 4057 .
284 3963 534 4059 gantia
574 3959 644 4036 se
687 3960 1200 4053 commendat,
1245 3984 1394 4033 nec
1435 3957 1583 4034 vllo
1628 3958 1863 4049 modo
1908 3958 2008 4037 de
2050 3966 2354 4063 poetica

283 4079 644 4182 dignitate
701 4108 793 4156 ac
860 4080 1111 4184 spiritu
1190 4085 1535 4154 carminis
1607 4080 1970 4155 iudicium
2041 4079 2354 4181 aliquod

276 4188 644 4291 admittit,
692 4198 817 4282 aut
855 4201 1089 4275 vllum
1133 4195 1408 4274 sensum
1460 4196 1978 4299 pulcritudinis
2020 4199 2350 4291 instilla&

362 4330 574 4397 Hom.
591 4333 679 4400 ll.
721 4332 878 4401 Vol.
899 4330 1016 4401 III
1498 4323 1558 4419 ,i
