2834 4900
394 124 576 211 ωήιι
680 127 839 212 Ῑῌ.
901 125 1059 205 DE
1118 124 1702 217 SCHOLHS,
1769 124 2236 204 LEXICIS

396 348 467 399 v.
516 344 593 397 c.
651 315 686 394 ὅ
742 317 1011 404 Αἴλιος,
1078 319 1212 417 qui
1264 316 1522 393 Aelius
1578 306 1981 411 Dionyfius
2031 311 2487 393 Halicarnas-

401 439 622 518 l‘enfis
669 436 798 512 est:
844 438 879 514 ὅ
928 432 1296 531 Keramos,
1336 435 1440 513 est
1495 436 1925 513 Alexander
1983 433 2496 531 Cotyaeenfis‚¹

284 602 289 611 ·
404 567 830 655 Cotyaeeo,
882 557 1247 657 Phrygiae
1301 562 1674 659 epictetae
1718 557 1901 632 vrbe
1959 575 2212 647 ortus,
2275 556 2491 657 quod
2565 648 2576 653 ‚

260 682 277 695 “
403 704 485 761 et
531 684 925 756 Cotiaeum
970 696 1049 752 et
1089 681 1506 771 Cotyaeum
1549 676 1910 755 scribitur.
1963 675 2001 758 ὅ
2054 670 2295 781 Ιξῖων,
2329 680 2494 754 De·

399 808 716 883 metrius
788 804 1029 877 Ixion.
1116 795 1152 879 ὅ
1214 789 1554 895 Σιδόνιος,
1629 797 2048 896 Dionysius
2103 797 2487 875 Sidonius.

402 930 759 1003 Nodores
830 918 1026 1011 sunt,
1087 916 1122 999 ὅ
1197 949 1556 1016 ramme,
1618 919 2021 1016 Dionyfius
2090 920 2376 997 Thrax
2454 914 2494 1003 ὅ
2647 926 2652 937 ’

258 1106 263 1121 ,
403 1045 956 1135 Ἀσκαλωνίτης,
990 1039 1470 1115 Ptolemaeus
1526 1038 1974 1122 Ascalonita.

613 1170 856 1242 Porro
921 1161 1340 1271 tenendum
1392 1159 1533 1253 est,
1600 1166 1684 1236 in
1747 1162 2052 1253 scholis,
2096 1166 2187 1237 iis
2233 1162 2496 1237 aetati-
2555 1202 2560 1211 ·

404 1291 548 1367 bus
564 1342 585 1380 ‚
633 1285 906 1390 quibus
959 1282 1277 1383 vulgaris
1330 1284 1803 1359 Graecorum
1859 1282 2099 1360 sermo
2155 1282 2254 1364 ab
2299 1287 2494 1356 anti·

407 1437 563 1515 qua
597 1409 967 1509 elegantia
1005 1408 1110 1480 ita
1152 1406 1303 1477 iam
1350 1402 1795 1497 desciuerat,
1869 1423 1947 1479 vt
2015 1409 2148 1508 qui
2204 1423 2495 1479 veteres

408 1532 802 1633 scriptores
836 1551 928 1602 ac
970 1543 1233 1628 poetas
1280 1523 1538 1626 legere
1579 1526 1840 1617 vellet,
1873 1525 2176 1626 linguae
2211 1516 2510 1627 patriae⁴

410 1650 798 1753 disciplina
837 1646 1291 1723 imbuendus
1340 1643 1552 1743 effet,
1598 1651 1751 1723 iam
1785 1665 1951 1721 tum
1983 1645 2307 1750 eoepiss'e
2341 1651 2498 1723 Ho-

407 1798 709 1851 merum
746 1776 853 1843 ita
888 1768 1078 1869 legi,
1128 1786 1207 1842 vt
1247 1767 1471 1842 verba
1515 1772 1828 1872 antiqua
1863 1786 2142 1870 poetae
2178 1772 2498 1844 notiori·
2593 1788 2604 1795 ·

268 1982 277 2001 ,
406 1895 553 1973 bus
595 1889 1130 1980 redderentur3
1182 1914 1379 1991 quae
1425 1914 1601 1967 cum
1646 1893 1729 1964 in
1772 1887 2163 1967 codicibus
2198 1892 2280 1963 in
2312 1915 2500 1993 pue-

409 2041 677 2093 rorum
717 2015 1024 2113 gratiam
1043 2064 1062 2102 ‚
1112 2013 1311 2085 inter
1349 2009 1586 2086 lineas
1642 2009 2270 2104 adscriberentur,
2336 2008 2498 2101 suc·

411 2140 658 2217 creuit
698 2130 797 2209 fic
833 2128 1038 2234 seges
1084 2129 1442 2209 codicum
1459 2185 1478 2222 ‚
1519 2136 1602 2205 in
1625 2129 1902 2234 quibus
1940 2130 2245 2207 Scholia
2267 2136 2501 2207 inter-

407 2260 760 2347 linearia‚
810 2278 1008 2355 quae
1048 2270 1356 2342 vocant,
1402 2251 1549 2327 alia
1591 2276 1687 2328 ex
1726 2251 1887 2327 aliis
1922 2270 2143 2327 aucta
2169 2250 2498 2353 fueruat,

405 2379 654 2460 multo
695 2379 930 2476 magis
994 2396 1264 2451 eorum
1312 2371 1706 2465 codicum,
1771 2398 1869 2448 ex
1925 2370 2198 2474 quibus
2255 2372 2499 2451 homi.

408 2528 549 2579 nes
609 2500 845 2573 latino
901 2494 1245 2570 sermone
1316 2510 1608 2567 vtentes
1678 2498 1961 2593 graecis
2033 2494 2300 2570 litteris
2360 2502 2501 2576 im..

385 2619 745 2701 ,buendi
764 2634 999 2692 erant.
1141 2617 1256 2688 Ita
1309 2638 1356 2685 a
1397 2612 1869 2690 doctioribus
1913 2614 2224 2691 vocibus
2266 2619 2501 2693 inter-

409 2739 795 2849 pretandis
870 2730 1110 2812 exorfi
1174 2738 1640 2835 grammatici
1714 2732 2263 2813 descenderunt
2339 2766 2504 2857 non

411 2863 655 2941 modo
736 2858 837 2935 ad
902 2860 1243 2947 notiora,
1301 2880 1565 2931 verum
1620 2874 1700 2932 et
1759 2857 1862 2932 ad
1917 2856 2322 2950 notiffima;
2395 2843 2502 2940 ea

310 3025 319 3043 ·
410 2987 785 3090 permixta
828 2994 904 3054 et
962 2973 1269 3055 confusa
1319 2976 1675 3054 codicum
1729 3004 1965 3080 genus
2042 2979 2505 3060 constituunt
2589 3041 2595 3050 ·

409 3106 624 3182 h'aud
670 3100 901 3178 laude
954 3098 1224 3173 eadem
1287 3116 1367 3172 et
1431 3101 1597 3200 pari
1652 3100 2280 3203 praedicandum,
2344 3108 2503 3180 vix-

410 3251 566 3331 que
605 3226 881 3302 criticis
929 3217 1170 3295 vfibus
1214 3217 1606 3294 idoneum.

456 3407 461 3414 ·
616 3367 917 3437 Interea
979 3356 1218 3436 multa
1257 3383 1355 3434 ex
1405 3356 1951 3463 antiquioribus
1997 3289 2321 3438 scholiis
2373 3387 2503 3440 ex·

411 3489 721 3589 egeticis
763 3479 1128 3583 sigillatim
1177 3476 1611 3581 conscripta,
1653 3473 1878 3584 λέξεις
1927 3479 2197 3574 dictae,
2245 3489 2327 3558 in
2375 3505 2503 3558 or

412 3608 672 3683 dinem
698 3600 1100 3691 -redactae,
1134 3591 1391 3702 λεξικοὲ
1442 3598 1848 3703 appellata,
1904 3599 2227 3677 fundum
2279 3605 2501 3680 Lexi-

411 3732 520 3807 ois
565 3722 1056 3829 alphabeticis
1105 3718 1485 3816 fecerunt,
1560 3720 1754 3800 aliae
1823 3720 2145 3822 γήρα-α,
2163 3776 2183 3815 ‚
2235 3721 2501 3825 gloffg.

407 3854 577 3939 riis3
626 3844 826 3936 vnde
872 3846 1072 3917 varia
1121 3866 1400 3943 genera
1439 3861 1653 3937 nata,
1703 3841 1805 3920 de
1856 3844 2132 3944 quibus
2175 3844 2341 3948 post
2366 3849 2502 3922 Er·

404 3967 594 4046 nesti
615 4021 635 4059 ,
674 3963 1235 4057 Ruhnkenium,
1271 3962 1789 4060 vssloisonum,
1837 3989 2071 4040 nemo
2119 3965 2336 4068 plura
2370 3965 2503 4043 de·

410 4087 785 4171 [iderabit.
842 4153 853 4176 ,
887 4091 1003 4163 Ex
1048 4086 1166 4165 his
1203 4084 1468 4164 lexicis
1529 4105 1608 4165 et
1662 4082 2019 4190 gloss'ariis
2073 4084 2301 4165 terius
2366 4094 2540 4164 ite.
