2834 4900
1153 384 1215 455 «ι
1709 412 1729 445 „
2092 424 2103 433 .

786 858 832 965 1
953 834 1085 961 'L
1207 773 1279 960 ‘1
1441 853 1535 958 A
1699 850 1806 959 D
1967 850 2016 959 1
2174 856 2252 963 s

1134 1110 1657 1197 LIBER
1741 1054 1909 1197 x1ss

644 1299 980 1432 Aurora
1062 1372 1286 1424 autem
1359 1378 1399 1420 e
1466 1353 1655 1421 lectis
1676 1402 1696 1434 ‚
1784 1376 1820 1419 a
1909 1354 2149 1444 pulcro
2219 1357 2561 1445 Tithono,

644 1484 991 1575 surgebat,
1086 1495 1162 1547 vt
1231 1456 1723 1577 immortalibus
1782 1471 2006 1541 lucem
2073 1476 2283 1545 ferret
2357 1495 2566 1571 atque

535 1612 546 1633 ⁸
642 1594 1073 1672 mortalibus:
1242 1595 1497 1683 Iupiter
1551 1615 1717 1659 vero
1763 1592 2199 1665 Discordiam
2234 1598 2405 1665 mifit
2451 1622 2564 1664 ce-

644 1721 821 1787 leres
874 1717 960 1783 ad
1029 1735 1240 1782 naues
1313 1712 1734 1777 Achiuorum
1904 1712 2277 1783 luctuosam
2306 1766 2326 1798 ‚
2397 1716 2564 1784 belli
2690 1714 2701 1717 “

563 1840 609 1915 5
651 1838 906 1930 [ignum
957 1837 1033 1901 in
1070 1829 1377 1898 manibus
1412 1828 1797 1920 gestantem.
1967 1834 2174 1901 Stetit
2214 1852 2439 1902 autem
2470 1861 2563 1902 ea

642 1960 718 2024 in
765 1952 998 2046 Vlyffis
1046 1953 1309 2042 ingenti
1374 1950 1537 2013 naui
1589 1950 1803 2039 nigra,
1971 1950 2148 2042 quae
2200 1958 2276 2047 in
2327 1954 2561 2023 medio

645 2088 829 2160 erat;
875 2089 949 2140 vt
992 2093 1125 2138 vox
1170 2067 1469 2134 exaudiri
1504 2066 1719 2169 poss'et
1761 2069 1855 2133 in
1877 2085 2228 2185 vtramque
2269 2091 2557 2164 partem,

514 2177 519 2183 ⁸
646 2208 717 2260 et
727 2190 842 2258 ad
885 2192 1107 2257 Aiacis
1150 2190 1448 2253 tentoria
1506 2150 1913 2271 Telamonii,
2084 2205 2156 2256 et
2204 2191 2291 2258 ad
2331 2192 2564 2259 Achil-

644 2302 758 2379 lis.
805 2314 926 2402 qui
966 2309 1110 2376 duo
1144 2311 1376 2397 vtique
1435 2303 1522 2370 ad
1564 2320 1885 2371 extremas
1928 2325 2155 2397 partes
2192 2330 2402 2381 naues
2445 2333 2563 2377 ae-

646 2430 877 2523 quales
1047 2426 1501 2494 subduxerant
1520 2471 1539 2506 ,
1620 2426 1870 2492 virtute
1936 2427 2096 2494 freti
2176 2445 2244 2497 et
2303 2430 2562 2498 robore

524 2573 610 2621 ,ιο
650 2569 996 2615 manuum.
1166 2542 1310 2609 Illic
1371 2542 1548 2610 stans
1641 2540 1952 2612 clamauit
2017 2546 2146 2614 dea
2215 2547 2564 2641 altumque

647 2664 1234 2752 horrendumque,
1333 2656 1339 2662 ’
1451 2660 1880 2728 intentiffima
1924 2702 1962 2720 -
2001 2687 2172 2733 voce
2253 2667 2559 2753 Achiuis,

646 2803 1097 2871 magnumque
1139 2777 1352 2845 robur
1404 2777 1672 2845 immifit
1719 2783 1966 2872 cuique
2058 2783 2069 2792 '
2133 2786 2209 2850 in
2264 2807 2421 2870 cor,
2482 2801 2563 2854 vt

644 2899 1101 2967 indesinenter
1153 2895 1491 2964 bellarent
1556 2910 1626 2963 et
1681 2916 2086 2988 pugnarent.
2255 2902 2380 2969 His
2434 2925 2557 2994 aug·
2602 2969 2609 2978 ,

637 3032 781 3084 tem
823 3015 1037 3085 statim
1081 3014 1329 3082 bellum
1370 3013 1633 3082 dulcius
1672 3015 1926 3081 sactum
1975 3019 2108 3104 est,
2153 3041 2355 3110 quarn
2396 2995 2559 3089 red·

644 3136 746 3201 ire
912 3139 986 3206 in
1043 3135 1328 3201 nauibus
1391 3136 1573 3199 cauis
1633 3131 1946 3201 dilectam
1986 3138 2061 3201 in
2097 3141 2380 3231 patriam
2416 3154 2559 3206 ter-

518 3253 608 3336 15,
639 3259 805 3321 ram.
976 3253 1245 3319 Atrides
1290 3274 1502 3341 porro
1554 3249 1905 3335 clamauit,
1968 3269 2038 3320 et
2081 3235 2557 3354 aecingiiussit

636 3370 967 3463 Argiuos3
1046 3369 1187 3461 ipse
1267 3392 1547 3462 quoque
1614 3369 1841 3435 induit
1918 3369 2345 3468 splendidum
2420 3398 2553 3444 aes.

638 3489 895 3558 ocreas
932 3491 1204 3581 quidem
1243 3493 1535 3580 primum
1580 3491 1755 3554 circa
1798 3486 1992 3555 tibias
2035 3491 2266 3579 posuit
2396 3492 2554 3584 pul-

643 3631 828 3694 cras,
875 3614 1207 3699 argenteis
1244 3606 1466 3674 fibulis
1512 3623 1668 3696 apte
1705 3647 1741 3662 -
1776 3609 2074 3688 iunctas;
2244 3626 2390 3677 tum
2428 3611 2554 3682 ,de-

512 3746 600 3799 no
637 3726 801 3792 inde
857 3728 1204 3796 thoracem
1285 3730 1462 3795 circa
1518 3740 1799 3814 pectora
1862 3725 2213 3811 induebat,
2343 3752 2552 3819 quem

525 3857 532 3868 '
634 3842 799 3911 olim
859 3848 922 3910 ei
986 3847 1274 3937 Cinyras
1330 3844 1558 3926 dedit,
1610 3842 1938 3933 hospitale
1979 3866 2225 3914 munus
2257 3864 2331 3914 vt
2366 3847 2546 3916 effet.

626 3960 1050 4030 Audiebatur
1095 3967 1274 4030 enim
1324 3962 1413 4031 ad
1441 4009 1460 4022 -
1498 3963 1802 4052 Cyprum
1836 4002 1871 4018 -
1898 3983 2108 4054 vsque
2165 3985 2406 4053 magna
2447 3962 2549 4031 fa·
2602 3995 2611 4004 ·

628 4100 731 4147 ma
752 4130 771 4165 ,
820 4080 1009 4173 quod
1052 4083 1298 4175 Achiui
1470 4080 1555 4148 nd
1607 4082 1885 4153 Troiam
1928 4063 2543 4173 nauibus'nauiga-
