2834 4900
1494 424 1505 433 ι

1082 466 1089 479 Ι

1005 511 1023 577 Ι
1305 509 1359 573 ¹:
1428 504 1437 570 Ι
2288 568 2299 575 a

2002 670 2014 679 u

740 858 1036 966 IL
1181 852 1229 957 1
1392 854 1486 957 A
1648 794 1961 957 ΠΙ
2118 843 2196 969 s

589 1034 596 1043 '
1094 1112 1612 1196 LIBER
1694 1020 1850 1195 V¹L
2320 1022 2329 1029 “

457 1419 462 1425 ,
605 1282 1139 1418 Troianorum
1201 1360 1414 1428 porro
1473 1334 1781 1404 destituta
1818 1331 1927 1415 ¹est
1980 1347 2051 1401 et
2093 1332 2513 1400 Adfiuorum

607 1487 839 1560 pugna
861 1457 1430 1554 ¹krauisPdeomm
1458 1458 1880 1546 praesencia.
2032 1452 2250 1544 Saepe
2291 1468 2515 1519 autem

610 1588 748 1655 huc
791 1598 862 1649 et
894 1579 1058 1648 illuc
1089 1574 1565 1668 propendebat
1601 1577 1891 1662 impetus
1921 1571 2157 1663 praelii
2182 1593 2316 1661 per.
2337 1590 2518 1639 cam-

493 1694 498 1707 ’
606 1725 774 1795 pum
792 1744 812 1781 ‚
973 1699 1186 1785 copiis
1225 1698 1300 1759 in
1336 1692 1404 1758 se
1445 1694 1739 1758 inuicem
1782 1688 2224 1778 dirigentibus
2264 1705 2521 1756 aeratas

609 1817 861 1902 hastas,
1067 1815 1250 1881 inter
1332 1810 1698 1876 Simoentis
1782 1824 1852 1873 et
1921 1807 2176 1879 Xanthi
2243 1808 2518 1874 fluenta.

532 1945 579 2014 5
619 1939 789 2006 Aiax
840 1946 1064 1999 autem
1114 1933 1367 2019 primus
1418 1926 1857 1994 Telamonius
1876 1972 1895 2005 ‚
1968 1947 2200 1991 murus
2232 1926 2526 2014 Achiuo-

621 2050 778 2126 rum'
794 2097 814 2135 ‚
994 2044 1454 2127 Troianorum
1494 2045 1679 2133 rupit
1715 2041 2109 2132 phalangem
2128 2090 2148 2127 ‚
2210 2042 2529 2135 spemque

619 2173 818 2242 sociis
873 2165 1134 2248 attulit,
1256 2167 1476 2232 virum
1513 2162 1935 2251 percutiens,
1996 2163 2116 2249 qui
2142 2160 2526 2229 fortiffimus

477 2332 492 2339 —
529 2344 548 2351 -
624 2296 807 2369 inter
860 2285 1157 2352 Thracas
1220 2296 1403 2365 erat,
1579 2276 1792 2346 filium
1828 2276 2128 2362 Eiiss'ori‚
2200 2280 2532 2353 Acaman-

623 2423 768 2476 tem
788 2454 807 2488 ,
882 2402 1397 2490 strenuumque,
1478 2416 1950 2488 magnumque.
2118 2397 2325 2466 Hunc
2377 2421 2534 2489 per.

631 2523 824 2593 cuffit
872 2521 1128 2610 primus
1164 2521 1239 2584 in
1280 2514 1509 2605 galeae
1555 2537 1735 2586 cono
1778 2513 1931 2582 setis
1957 2554 1993 2571 -
2022 2518 2342 2606 equinis-
2368 2517 2540 2584 den-

517 2667 596 2714 ιο
636 2641 779 2716 sae,
912 2639 1122 2725 inque
1166 2633 1396 2701 fronte
1435 2632 1614 2712 fixit3
1679 2636 2196 2724 penetrauitque
2238 2637 2417 2706 intra
2458 2661 2538 2703 οε

484 2819 492 2828 .
640 2756 857 2846 cuspis
910 2775 1142 2822 aerea:
1214 2774 1369 2820 eum
1423 2772 1589 2822 vero
1638 2749 1963 2819 tenebrae
2010 2750 2248 2821 oculos
2288 2777 2543 2846 coope-

639 2886 949 2945 ruerunt.
1988 2942 1992 2946 .

812 2989 1103 3082 Axylum
1143 3006 1355 3077 porro
1395 2988 1739 3056 interfecit
1776 3011 2009 3080 pugna
2036 2988 2338 3060 strenuus
2370 2992 2546 3060 Dio-

643 3111 875 3183 medes
895 3157 915 3193 ‚
1091 3106 1623 3174 Teuthranidem
1640 3156 1660 3191 ‚
1748 3112 1866 3198 qui
1936 3107 2280 3178 habitabat
2340 3111 2550 3179 bene-

643 3232 885 3300 structa
935 3228 1012 3293 in
1062 3223 1335 3313 Arisba,
1474 3226 1698 3292 -diues
1761 3233 2004 3317 opum,
2086 3227 2554 3320 benignusque

530 3354 607 3426 15
653 3365 796 3418 erat
827 3333 1247 3414 hominibus:
1381 3367 1618 3412 omnes
1660 3347 1839 3411 enim
1882 3346 2251 3437 excipiebat
2274 3387 2311 3403 -
2342 3351 2555 3413 comi-

519 3523 522 3528 .
646 3486 790 3558 ter,
869 3465 957 3532 ad
998 3466 1176 3531 viam
1200 3458 1390 3544 ficas
1433 3463 1631 3529 aedes
1681 3461 2009 3536 habitans.
2161 3463 2309 3532 Sed·
2343 3463 2424 3529 ab
2470 3487 2554 3532 eo

649 3582 876 3653 nullus
963 3582 1207 3649 horum
1294 3596 1463 3647 tunc
1552 3583 1769 3647 arcuit
1852 3579 2102 3649 tristeiu
2156 3583 2554 3668 interitum,

653 3715 813 3784 ante
851 3697 1290 3787 subueniens3
1342 3696 1463 3765 sed
1505 3698 1740 3765 ambos
1785 3702 2004 3766 anima
2040 3702 2338 3790 priuauit
2372 3702 2561 3768 Dio-

656 3819 930 3888 medes,
1051 3816 1267 3908 ipsum
1314 3833 1384 3883 et
1426 3817 1751 3886 famulum
1793 3815 2157 3903 Calefium,
2231 3822 2354 3911 qui
2396 3835 2562 3886 tunc

658 3959 989 4029 equorum
1129 3950 1271 4003 erat
1311 3938 1578 4029 auriga3
1638 3937 1841 4026 hique
1886 3934 2085 4004 ambo
2119 3952 2371 4008 terram
2412 3936 2564 4006 sub-

657 4058 905 4124 ierunt.
