2834 4900
0 8 35 495 f
326 234 481 307 ET
546 225 1227 341 cLossAnns
1286 226 1412 301 m
1463 224 2089 309 quEavM.
2175 250 2419 303 mm

1 527 2 532 Ἰ
330 438 587 496 autem
664 356 1308 522 comparationem
1397 442 1575 493 cum
1651 418 1956 495 Venetis
2023 430 2422 520 receperat

326 538 654 621 Beckius
693 543 789 617 V.
835 543 921 615 C.
964 544 1224 643 primis
1275 545 1524 630 annia,
1580 539 1848 641 quibua
1903 538 2003 614 de
2062 536 2213 614 hac
2258 538 2420 613 edi-

328 667 550 736 tione
599 658 906 737 confilia
949 666 1418 753 communia,
1460 678 1539 735 vt
1580 665 1664 734 in·
1694 658 2162 762 praefatione
2200 686 2250 732 a
2285 683 2418 734 me

328 800 717 855 narratum
771 780 904 873 est,
954 781 1450 882 agitabantur.
1595 781 1800 857 Libri
1843 784 2064 884 primi
2103 802 2415 883 apogra-

328 903 576 1005 phum
625 901 891 976 habuit
944 896 1324 978 Be'ntleius
1342 956 1365 995 ,
1433 899 1586 978 flue
1657 927 1704 976 a
1760 906 1870 977 Io.
1924 907 2141 977 Bure.
2195 904 2413 975 Men-

212 1060 219 1065 ·
331 1022 615 1099 ekenio
634 1077 655 1115 ,
702 1020 859 1098 fiue
902 1048 949 1096 a
988 1022 1246 1126 Steph.
1276 1021 1626 1125 Berglero
1670 1041 2012 1099 curatum
2048 1021 2187 1119 (cf.
2213 1023 2411 1099 Sect.

334 1146 461 1219 lv.
528 1144 635 1216 de
687 1142 1059 1240 Subfidiis
1123 1147 1360 1238 edic.)
1430 1168 1476 1221 e
1538 1169 1692 1248 quo
1753 1149 1984 1219 varias
2044 1143 2413 1225 lectiones

340 1263 757 1367 exemplari
784 1262 915 1339 suo
944 1264 1411 1367 adscripscrat
1437 1263 1840 1340 Bentleius.
1924 1263 2153 1339 Aliud
2171 1262 2414 1340 bcho-

334 1386 618 1462 liorum
670 1380 845 1461 libri
903 1388 962 1461 Ι.
1019 1385 1536 1488 apographum
1586 1388 1784 1462 Sam.
1840 1384 2034 1460 Frid.
2091 1384 2411 1459 Nathan.

339 1507 576 1599 Mori}
660 1509 931 1609 optimi
1010 1511 1182 1600 viri,
1261 1507 1729 1581 humanitate
1805 1524 2255 1610 peruenerat
2319 1503 2420 1578 ad

280 1623 1068 1728 'Wass'enberghium,
1149 1627 1547 1733 quod-ille
1618 1653 1795 1706 cum
1851 1625 2167 1705 Scholiis
2240 1625 2415 1702 cod.

337 1745 721 1823 Leidenfis
772 1746 1293 1857 etAmstelod.
1351 1769 1431 1827 et
1472 1753 1746 1831 Veneti
1797 1753 1879 1825 B.
1923 1751 2414 1851 comparauit.

335 1894 410 1945 v.
469 1874 629 1945 eiua
679 1869 989 1972 praefat.
1046 1898 1124 1975 p.
1182 1874 1346 1948 XV.
1390 1874 1589 1947 XVI.
1690 1872 1990 1965 Scholia
2037 1878 2330 1971 integra
2370 1892 2418 1953 ο
2457 1914 2492 1953 x

338 1987 639 2065 Codice
685 1974 1265 2091 transscripserat
1290 1992 1549 2092 Steph.
1589 1991 1913 2094 Bergler,
1953 1999 2033 2068 in
2061 1997 2166 2066 Io.
2197 1995 2414 2065 Bure.

339 2106 787 2183 Menckenii
835 2108 1161 2208 suspicor
1193 2114 1539 2208 gratiam3
1590 2113 1799 2212 quod
1851 2139 2005 2214 quo
2050 2136 2420 2212 peruene-

344 2231 485 2317 rit,
535 2250 699 2298 non
741 2223 1062 2314 constan
1104 2252 1285 2298 nam
1322 2227 1420 2300 ad
1464 2232 1549 2301 R.
1593 2228 2014 2303 Bentleium
2048 2226 2425 2329 peruenis-

348 2347 426 2424 se
483 2341 882 2448 probabile
935 2370 1094 2418 non
1144 2343 1232 2418 fit
1245 2375 1279 2437 ;,
1342 2372 1605 2421 verum
1657 2374 1751 2424 ex
1804 2346 1936 2423 illo
1994 2346 2424 2451 apographo
2528 2414 2538 2427 .

350 2466 566 2544 aliud
626 2465 1134 2569 apographum
1187 2468 1561 2545 inciderat
1606 2475 1690 2554 in
1748 2496 2013 2546 manus
2077 2477 2187 2546 lo.
2245 2469 2420 2545 Chr.

349 2586 617 2667 Woffii
685 2587 1293 2690 Hamburgenfis;
1402 2596 1612 2668 cuius
1681 2591 2136 2668 bibliotheca
2213 2618 2422 2670 nunc

342 2736 523 2816 para
603 2705 707 2783 est
777 2712 1048 2783 eximia
1113 2710 1663 2789 Bibliothecae
1758 2712 2413 2818 Hamburgenfis,

340 2836 471 2911 cui
529 2828 838 2916 tandem
897 2828 1302 2907 nouiffimis
1363 2830 1478 2909 his
1530 2839 1743 2911 annis
1797 2834 2417 2911 Bibliothecarius

344 2952 657 3053 obtigit,
707 2955 838 3052 qui
878 2956 960 3024 in
1007 2976 1098 3027 ea
1140 2953 1559 3062 ordinanda
1602 2975 1678 3032 et
1727 2954 2242 3033 constituenda
2283 2954 2421 3031 do-

355 3091 557 3156 ctam
594 3068 1129 3180 ¹eto-‘efficacem
1174 3098 1486 3175 operam
1525 3073 1874 3177 praestat,
1927 3074 2170 3177 caph.
2200 3079 2420 3149 Dan.

356 3191 741 3294 Ebeling,
783 3194 876 3269 V.
919 3194 1008 3268 C.
1046 3192 1452 3288 Profess‘or,
1513 3204 1726 3273 cuius
1789 3223 1968 3274 cura
2012 3222 2197 3299 opes
2243 3192 2423 3269 istae

356 3311 792 3392 lautiffimae
840 3311 1256 3389 litterarum
1290 3313 1529 3393 vfibus
1569 3317 1913 3394 redditae
1953 3314 2424 3421 splendorem

354 3432 717 3535 infignem
754 3431 1337 3535 consequentur,
1377 3439 1580 3514 vnde
1617 3439 1823 3514 haud
1861 3438 2093 3514 dubie
2137 3461 2427 3511 nouum
2461 3479 2470 3488 -
2553 3499 2564 3508 .

362 3554 592 3630 decus
666 3579 842 3656 culn
914 3554 1322 3650 Gymmfio
1377 3586 1588 3652 nunc
1637 3558 1971 3635 restituto
1993 3619 2017 3655 ,
2078 3578 2240 3642 tum
2293 3553 2426 3659 ipsi
2587 3555 2600 3570 “

358 3674 515 3751 vrbi
566 3693 909 3778 paratum
966 3682 1127 3753 erit.
1264 3681 1382 3756 Ex
1426 3704 1523 3758 eo
1584 3681 2015 3784 apographo
2059 3677 2427 3754 Hambur-

365 3792 562 3896 gensi
609 3794 784 3874 libri
824 3801 882 3871 1.
921 3799 1012 3871 11.
1062 3800 1195 3876 ΠΙ.
1232 3820 1309 3876 et
1345 3806 1452 3877 IX
1479 3802 1776 3910 Scholia
1828 3822 2183 3904 excerpta
2221 3799 2431 3876 adie-

369 3920 473 3990 cit
507 3920 902 3994 Marcianis
954 3919 1437 4000 Villoisonus:
1504 3953 1732 4030 quem
1771 3952 1840 4002 v,
1879 3931 1962 4001 in
2002 3923 2428 4023 Prolegom.

206 4051 229 4066 ‘
368 4061 447 4136 p.
491 4040 771 4154 XLVII.
826 4045 1107 4140 Nactus
1154 4069 1358 4122 eram
1411 4046 1565 4148 ipse
1622 4049 2136 4152 apographum
2198 4042 2431 4119 Scho-

366 4155 647 4235 liorum
678 4160 852 4247 libri
889 4168 980 4238 11.
1018 4189 1251 4274 vsque
1285 4166 1384 4243 ad
1419 4176 1735 4246 nauium
1780 4170 2246 4267 catalogum,
2279 4188 2433 4237 ma·-
2493 4185 2500 4190 ·
