<?xml version="1.0" encoding="UTF-8"?>
<!DOCTYPE html PUBLIC "-//W3C//DTD XHTML 1.0 Transitional//EN"
    "http://www.w3.org/TR/xhtml1/DTD/xhtml1-transitional.dtd">
<html xmlns="http://www.w3.org/1999/xhtml" xml:lang="en" lang="en">
 <head>
  <title>
</title>
<meta http-equiv="Content-Type" content="text/html;charset=utf-8" />
  <meta name='ocr-system' content='tesseract 3.04.00' />
  <meta name='ocr-capabilities' content='ocr_page ocr_carea ocr_par ocr_line ocrx_word'/>
</head>
<body>
  <div class='ocr_page' id='page_1' title='image "./homericarminacu02graegoog_0729.png"; bbox 0 0 2834 4900; ppageno 0'>
   <div class='ocr_carea' id='block_1_1' title="bbox 578 306 2478 415">
    <p class='ocr_par' dir='ltr' id='par_1_1' title="bbox 578 306 2478 415">
     <span class='ocr_line' id='line_1_1' title="bbox 578 306 2478 415; baseline 0.001 -31"><span class='ocrx_word' id='word_1_1' title='bbox 578 308 983 384; x_wconf 81' lang='lat' dir='ltr'><strong>ILIADIS</strong></span> <span class='ocrx_word' id='word_1_2' title='bbox 1021 308 1213 415; x_wconf 66' lang='lat' dir='ltr'>Lm</span> <span class='ocrx_word' id='word_1_3' title='bbox 1255 306 1535 401; x_wconf 63' lang='lat' dir='ltr'><strong>XXIV.</strong></span> <span class='ocrx_word' id='word_1_4' title='bbox 1588 334 1652 380; x_wconf 81' lang='lat' dir='ltr'>v.</span> <span class='ocrx_word' id='word_1_5' title='bbox 1692 332 2081 404; x_wconf 70' lang='lat' dir='ltr'>zoa—227.</span> <span class='ocrx_word' id='word_1_6' title='bbox 2251 320 2383 409; x_wconf 74' lang='lat'>695</span> <span class='ocrx_word' id='word_1_7' title='bbox 2467 306 2478 317; x_wconf 75' lang='grc'><strong>’</strong></span> 
     </span>
    </p>
   </div>
   <div class='ocr_carea' id='block_1_2' title="bbox 241 498 2427 3435">
    <p class='ocr_par' dir='ltr' id='par_1_2' title="bbox 276 498 2427 2729">
     <span class='ocr_line' id='line_1_2' title="bbox 456 498 2382 601; baseline -0.001 -32"><span class='ocrx_word' id='word_1_8' title='bbox 456 523 594 595; x_wconf 84' lang='lat' dir='ltr'>qua</span> <span class='ocrx_word' id='word_1_9' title='bbox 648 500 932 569; x_wconf 83' lang='lat' dir='ltr'>antehac</span> <span class='ocrx_word' id='word_1_10' title='bbox 967 499 1245 591; x_wconf 84' lang='lat' dir='ltr'>quidem</span> <span class='ocrx_word' id='word_1_11' title='bbox 1437 594 1446 601; x_wconf 75' lang='lat'><em>‚</em></span> <span class='ocrx_word' id='word_1_12' title='bbox 1489 498 1754 568; x_wconf 80' lang='lat' dir='ltr'>celeber</span> <span class='ocrx_word' id='word_1_13' title='bbox 1791 526 1937 570; x_wconf 85' lang='lat' dir='ltr'>eras</span> <span class='ocrx_word' id='word_1_14' title='bbox 1994 527 2119 595; x_wconf 89' lang='lat' dir='ltr'>per</span> <span class='ocrx_word' id='word_1_15' title='bbox 2158 506 2382 575; x_wconf 87' lang='lat' dir='ltr'>homi..</span> 
     </span>
     <span class='ocr_line' id='line_1_3' title="bbox 370 617 2373 719; baseline 0 -25"><span class='ocrx_word' id='word_1_16' title='bbox 370 710 385 719; x_wconf 45' lang='lat'><strong>·</strong></span> <span class='ocrx_word' id='word_1_17' title='bbox 451 648 578 695; x_wconf 81' lang='lat' dir='ltr'>nes</span> <span class='ocrx_word' id='word_1_18' title='bbox 649 638 949 703; x_wconf 86' lang='lat' dir='ltr'>exteros,</span> <span class='ocrx_word' id='word_1_19' title='bbox 1030 636 1234 709; x_wconf 81' lang='lat' dir='ltr'>atque</span> <span class='ocrx_word' id='word_1_20' title='bbox 1296 617 1540 709; x_wconf 75' lang='lat' dir='ltr'>quibus</span> <span class='ocrx_word' id='word_1_21' title='bbox 1614 623 1953 711; x_wconf 80' lang='lat' dir='ltr'>imperas?</span> <span class='ocrx_word' id='word_1_22' title='bbox 2210 628 2373 716; x_wconf 84' lang='lat' dir='ltr'>Quo</span> 
     </span>
     <span class='ocr_line' id='line_1_4' title="bbox 380 712 2377 835; baseline 0 -26"><span class='ocrx_word' id='word_1_23' title='bbox 380 734 383 741; x_wconf 50' lang='lat'><strong>⁴</strong></span> <span class='ocrx_word' id='word_1_24' title='bbox 457 748 663 835; x_wconf 80' lang='lat' dir='ltr'>paet‘o</span> <span class='ocrx_word' id='word_1_25' title='bbox 706 745 803 809; x_wconf 85' lang='lat' dir='ltr'>vis</span> <span class='ocrx_word' id='word_1_26' title='bbox 848 738 935 805; x_wconf 85' lang='lat' dir='ltr'>ad</span> <span class='ocrx_word' id='word_1_27' title='bbox 972 758 1183 805; x_wconf 87' lang='lat' dir='ltr'>naues</span> <span class='ocrx_word' id='word_1_28' title='bbox 1216 712 1638 807; x_wconf 77' lang='lat' dir='ltr'>Achiuorum</span> <span class='ocrx_word' id='word_1_29' title='bbox 1688 742 1788 805; x_wconf 92' lang='lat' dir='ltr'>ire</span> <span class='ocrx_word' id='word_1_30' title='bbox 1830 740 2031 826; x_wconf 84' lang='lat' dir='ltr'>solus,</span> <span class='ocrx_word' id='word_1_31' title='bbox 2251 749 2377 815; x_wconf 84' lang='lat' dir='ltr'>viri</span> 
     </span>
     <span class='ocr_line' id='line_1_5' title="bbox 457 854 2378 951; baseline 0.001 -21"><span class='ocrx_word' id='word_1_32' title='bbox 457 867 537 930; x_wconf 87' lang='lat' dir='ltr'>in</span> <span class='ocrx_word' id='word_1_33' title='bbox 609 857 1040 948; x_wconf 87' lang='lat' dir='ltr'>conspectum</span> <span class='ocrx_word' id='word_1_34' title='bbox 1066 905 1086 937; x_wconf 91' lang='lat'>‚</span> <span class='ocrx_word' id='word_1_35' title='bbox 1179 859 1299 946; x_wconf 85' lang='lat' dir='ltr'>qui</span> <span class='ocrx_word' id='word_1_36' title='bbox 1366 855 1492 920; x_wconf 86' lang='lat' dir='ltr'>tibi</span> <span class='ocrx_word' id='word_1_37' title='bbox 1563 854 1949 951; x_wconf 84' lang='lat' dir='ltr'>multosque</span> <span class='ocrx_word' id='word_1_38' title='bbox 2027 876 2097 930; x_wconf 91' lang='lat' dir='ltr'>et</span> <span class='ocrx_word' id='word_1_39' title='bbox 2162 864 2378 933; x_wconf 75' lang='lat' dir='ltr'>fortes</span> 
     </span>
     <span class='ocr_line' id='line_1_6' title="bbox 289 972 2381 1067; baseline 0.001 -19"><span class='ocrx_word' id='word_1_40' title='bbox 289 986 421 1057; x_wconf 70' lang='lat'>205</span> <span class='ocrx_word' id='word_1_41' title='bbox 463 981 640 1049; x_wconf 81' lang='lat' dir='ltr'>filios</span> <span class='ocrx_word' id='word_1_42' title='bbox 685 977 1063 1044; x_wconf 80' lang='lat' dir='ltr'><strong>interfecit?</strong></span> <span class='ocrx_word' id='word_1_43' title='bbox 1121 972 1415 1065; x_wconf 85' lang='lat' dir='ltr'>ferreum</span> <span class='ocrx_word' id='word_1_44' title='bbox 1485 991 1665 1041; x_wconf 85' lang='lat' dir='ltr'>certe</span> <span class='ocrx_word' id='word_1_45' title='bbox 1720 977 1842 1044; x_wconf 84' lang='lat' dir='ltr'>tibi</span> <span class='ocrx_word' id='word_1_46' title='bbox 1902 982 2044 1048; x_wconf 88' lang='lat' dir='ltr'>cor.</span> <span class='ocrx_word' id='word_1_47' title='bbox 2192 1062 2198 1067; x_wconf 85' lang='lat'>.</span> <span class='ocrx_word' id='word_1_48' title='bbox 2301 985 2381 1051; x_wconf 86' lang='lat' dir='ltr'>Si</span> 
     </span>
     <span class='ocr_line' id='line_1_7' title="bbox 461 1093 2376 1184; baseline -0.003 -17"><span class='ocrx_word' id='word_1_49' title='bbox 461 1103 641 1169; x_wconf 83' lang='lat' dir='ltr'>enim</span> <span class='ocrx_word' id='word_1_50' title='bbox 684 1113 754 1162; x_wconf 91' lang='lat' dir='ltr'>te</span> <span class='ocrx_word' id='word_1_51' title='bbox 799 1094 1023 1184; x_wconf 81' lang='lat' dir='ltr'>capiet</span> <span class='ocrx_word' id='word_1_52' title='bbox 1068 1109 1138 1159; x_wconf 86' lang='lat' dir='ltr'>et</span> <span class='ocrx_word' id='word_1_53' title='bbox 1174 1093 1487 1182; x_wconf 78' lang='lat' dir='ltr'>inspiciet</span> <span class='ocrx_word' id='word_1_54' title='bbox 1526 1093 1735 1161; x_wconf 83' lang='lat' dir='ltr'>oculis</span> <span class='ocrx_word' id='word_1_55' title='bbox 1937 1144 1948 1151; x_wconf 43' lang='lat' dir='ltr'>f</span> <span class='ocrx_word' id='word_1_56' title='bbox 1980 1100 2267 1168; x_wconf 82' lang='lat' dir='ltr'>crudelis</span> <span class='ocrx_word' id='word_1_57' title='bbox 2304 1117 2376 1172; x_wconf 81' lang='lat' dir='ltr'>et</span> 
     </span>
     <span class='ocr_line' id='line_1_8' title="bbox 454 1196 2377 1320; baseline -0.001 -37"><span class='ocrx_word' id='word_1_58' title='bbox 454 1216 708 1286; x_wconf 79' lang='lat' dir='ltr'>infidus</span> <span class='ocrx_word' id='word_1_59' title='bbox 750 1216 854 1282; x_wconf 83' lang='lat' dir='ltr'>vir</span> <span class='ocrx_word' id='word_1_60' title='bbox 897 1212 1052 1294; x_wconf 84' lang='lat' dir='ltr'>iste,</span> <span class='ocrx_word' id='word_1_61' title='bbox 1112 1233 1261 1277; x_wconf 88' lang='lat' dir='ltr'>non</span> <span class='ocrx_word' id='word_1_62' title='bbox 1303 1214 1406 1277; x_wconf 88' lang='lat' dir='ltr'>tui</span> <span class='ocrx_word' id='word_1_63' title='bbox 1450 1211 1887 1298; x_wconf 80' lang='lat' dir='ltr'>miserebitur,</span> <span class='ocrx_word' id='word_1_64' title='bbox 1975 1308 1996 1320; x_wconf 84' lang='lat'><em>.</em></span> <span class='ocrx_word' id='word_1_65' title='bbox 2081 1196 2086 1205; x_wconf 49' lang='grc'><em>’</em></span> <span class='ocrx_word' id='word_1_66' title='bbox 2146 1244 2377 1312; x_wconf 71' lang='lat' dir='ltr'>neque</span> 
     </span>
     <span class='ocr_line' id='line_1_9' title="bbox 453 1328 2374 1421; baseline 0.001 -17"><span class='ocrx_word' id='word_1_67' title='bbox 453 1338 740 1405; x_wconf 89' lang='lat' dir='ltr'>omnino</span> <span class='ocrx_word' id='word_1_68' title='bbox 810 1346 882 1398; x_wconf 87' lang='lat' dir='ltr'>te</span> <span class='ocrx_word' id='word_1_69' title='bbox 950 1329 1397 1397; x_wconf 75' lang='lat' dir='ltr'>reuerebitur.</span> <span class='ocrx_word' id='word_1_70' title='bbox 1496 1328 1704 1397; x_wconf 85' lang='lat' dir='ltr'>Nunc</span> <span class='ocrx_word' id='word_1_71' title='bbox 1773 1355 1935 1408; x_wconf 84' lang='lat' dir='ltr'>vero</span> <span class='ocrx_word' id='word_1_72' title='bbox 2011 1335 2374 1421; x_wconf 73' lang='lat' dir='ltr'>defleamus</span> 
     </span>
     <span class='ocr_line' id='line_1_10' title="bbox 450 1447 2372 1536; baseline 0.002 -12"><span class='ocrx_word' id='word_1_73' title='bbox 450 1454 746 1525; x_wconf 83' lang='lat' dir='ltr'>seorsum</span> <span class='ocrx_word' id='word_1_74' title='bbox 959 1447 1266 1515; x_wconf 82' lang='lat' dir='ltr'>sedentes</span> <span class='ocrx_word' id='word_1_75' title='bbox 1311 1451 1386 1514; x_wconf 90' lang='lat' dir='ltr'>in</span> <span class='ocrx_word' id='word_1_76' title='bbox 1440 1449 1757 1536; x_wconf 79' lang='lat' dir='ltr'>aedibus;</span> <span class='ocrx_word' id='word_1_77' title='bbox 1812 1452 1973 1518; x_wconf 91' lang='lat' dir='ltr'>huic</span> <span class='ocrx_word' id='word_1_78' title='bbox 2010 1473 2236 1523; x_wconf 83' lang='lat' dir='ltr'>autem</span> <span class='ocrx_word' id='word_1_79' title='bbox 2285 1459 2372 1527; x_wconf 86' lang='lat' dir='ltr'>fic</span> 
     </span>
     <span class='ocr_line' id='line_1_11' title="bbox 278 1565 2369 1664; baseline -0.003 -16"><span class='ocrx_word' id='word_1_80' title='bbox 278 1599 411 1649; x_wconf 71' lang='lat'>210</span> <span class='ocrx_word' id='word_1_81' title='bbox 456 1573 641 1642; x_wconf 72' lang='lat' dir='ltr'>olim·</span> <span class='ocrx_word' id='word_1_82' title='bbox 683 1569 921 1655; x_wconf 62' lang='lat' dir='ltr'>Fatum</span> <span class='ocrx_word' id='word_1_83' title='bbox 968 1565 1344 1633; x_wconf 82' lang='lat' dir='ltr'>violentum</span> <span class='ocrx_word' id='word_1_84' title='bbox 1598 1567 1898 1635; x_wconf 85' lang='lat' dir='ltr'>nascenti</span> <span class='ocrx_word' id='word_1_85' title='bbox 1947 1576 2141 1640; x_wconf 81' lang='lat' dir='ltr'>neuit</span> <span class='ocrx_word' id='word_1_86' title='bbox 2197 1574 2369 1664; x_wconf 83' lang='lat' dir='ltr'>lino,</span> 
     </span>
     <span class='ocr_line' id='line_1_12' title="bbox 453 1680 2427 1784; baseline 0.003 -27"><span class='ocrx_word' id='word_1_87' title='bbox 453 1688 732 1784; x_wconf 88' lang='lat' dir='ltr'>quando</span> <span class='ocrx_word' id='word_1_88' title='bbox 776 1708 928 1753; x_wconf 90' lang='lat' dir='ltr'>eum</span> <span class='ocrx_word' id='word_1_89' title='bbox 988 1688 1226 1775; x_wconf 82' lang='lat' dir='ltr'>peperi</span> <span class='ocrx_word' id='word_1_90' title='bbox 1289 1684 1453 1776; x_wconf 85' lang='lat' dir='ltr'>ipsa,</span> <span class='ocrx_word' id='word_1_91' title='bbox 1708 1680 1995 1775; x_wconf 79' lang='lat' dir='ltr'>pedibus</span> <span class='ocrx_word' id='word_1_92' title='bbox 2037 1731 2072 1746; x_wconf 90' lang='lat'>-</span> <span class='ocrx_word' id='word_1_93' title='bbox 2117 1692 2427 1775; x_wconf 82' lang='lat' dir='ltr'>celeres.‚</span> 
     </span>
     <span class='ocr_line' id='line_1_13' title="bbox 450 1802 2368 1892; baseline -0.003 -14"><span class='ocrx_word' id='word_1_94' title='bbox 450 1831 651 1878; x_wconf 84' lang='lat' dir='ltr'>canes</span> <span class='ocrx_word' id='word_1_95' title='bbox 691 1820 764 1874; x_wconf 80' lang='lat' dir='ltr'>vt</span> <span class='ocrx_word' id='word_1_96' title='bbox 801 1806 1105 1888; x_wconf 71' lang='lat' dir='ltr'>satiaret,</span> <span class='ocrx_word' id='word_1_97' title='bbox 1148 1802 1440 1871; x_wconf 87' lang='lat' dir='ltr'>seorsum</span> <span class='ocrx_word' id='word_1_98' title='bbox 1486 1824 1525 1869; x_wconf 81' lang='lat' dir='ltr'>a</span> <span class='ocrx_word' id='word_1_99' title='bbox 1560 1805 1977 1892; x_wconf 81' lang='lat' dir='ltr'>parentibus,</span> <span class='ocrx_word' id='word_1_100' title='bbox 2150 1814 2368 1881; x_wconf 80' lang='lat' dir='ltr'>virum</span> 
     </span>
     <span class='ocr_line' id='line_1_14' title="bbox 448 1917 2425 2019; baseline 0.003 -25"><span class='ocrx_word' id='word_1_101' title='bbox 448 1927 633 2019; x_wconf 76' lang='lat' dir='ltr'>apud</span> <span class='ocrx_word' id='word_1_102' title='bbox 669 1922 1079 2007; x_wconf 79' lang='lat' dir='ltr'>violentum3</span> <span class='ocrx_word' id='word_1_103' title='bbox 1126 1925 1314 1987; x_wconf 86' lang='lat' dir='ltr'>cuius</span> <span class='ocrx_word' id='word_1_104' title='bbox 1358 1945 1486 2011; x_wconf 85' lang='lat' dir='ltr'>ego</span> <span class='ocrx_word' id='word_1_105' title='bbox 1529 1917 2076 2015; x_wconf 75' lang='lat' dir='ltr'>medium&#39;hepar</span> <span class='ocrx_word' id='word_1_106' title='bbox 2113 1934 2369 2000; x_wconf 81' lang='lat' dir='ltr'>vtinam</span> <span class='ocrx_word' id='word_1_107' title='bbox 2415 1961 2425 1971; x_wconf 67' lang='grc'><strong><em>’</em></strong></span> 
     </span>
     <span class='ocr_line' id='line_1_15' title="bbox 447 2039 2369 2117; baseline 0.003 -6"><span class='ocrx_word' id='word_1_108' title='bbox 447 2063 758 2112; x_wconf 85' lang='lat' dir='ltr'>tenerem</span> <span class='ocrx_word' id='word_1_109' title='bbox 1009 2039 1510 2106; x_wconf 84' lang='lat' dir='ltr'>comedendum</span> <span class='ocrx_word' id='word_1_110' title='bbox 1569 2041 1974 2113; x_wconf 80' lang='lat' dir='ltr'>adhaerens:</span> <span class='ocrx_word' id='word_1_111' title='bbox 2034 2060 2206 2114; x_wconf 86' lang='lat' dir='ltr'>tnnc</span> <span class='ocrx_word' id='word_1_112' title='bbox 2257 2073 2369 2117; x_wconf 89' lang='lat' dir='ltr'>re-</span> 
     </span>
     <span class='ocr_line' id='line_1_16' title="bbox 450 2156 2368 2259; baseline 0.003 -31"><span class='ocrx_word' id='word_1_113' title='bbox 450 2160 655 2254; x_wconf 82' lang='lat' dir='ltr'>pensa</span> <span class='ocrx_word' id='word_1_114' title='bbox 697 2181 870 2250; x_wconf 85' lang='lat' dir='ltr'>quae</span> <span class='ocrx_word' id='word_1_115' title='bbox 908 2157 1073 2225; x_wconf 86' lang='lat' dir='ltr'>fecit</span> <span class='ocrx_word' id='word_1_116' title='bbox 1118 2159 1325 2225; x_wconf 81' lang='lat' dir='ltr'>effent</span> <span class='ocrx_word' id='word_1_117' title='bbox 1525 2156 1668 2225; x_wconf 85' lang='lat' dir='ltr'>filio</span> <span class='ocrx_word' id='word_1_118' title='bbox 1717 2183 1915 2259; x_wconf 85' lang='lat' dir='ltr'>meo;</span> <span class='ocrx_word' id='word_1_119' title='bbox 1960 2162 2142 2229; x_wconf 86' lang='lat' dir='ltr'>haud</span> <span class='ocrx_word' id='word_1_120' title='bbox 2182 2171 2368 2235; x_wconf 87' lang='lat' dir='ltr'>enim</span> 
     </span>
     <span class='ocr_line' id='line_1_17' title="bbox 276 2261 2371 2372; baseline -0.001 -24"><span class='ocrx_word' id='word_1_121' title='bbox 276 2261 412 2367; x_wconf 48' lang='lat'>325</span> <span class='ocrx_word' id='word_1_122' title='bbox 450 2282 666 2372; x_wconf 88' lang='lat' dir='ltr'>ipsum</span> <span class='ocrx_word' id='word_1_123' title='bbox 735 2281 982 2369; x_wconf 85' lang='lat' dir='ltr'>ignaue</span> <span class='ocrx_word' id='word_1_124' title='bbox 1024 2319 1059 2333; x_wconf 94' lang='lat'>-</span> <span class='ocrx_word' id='word_1_125' title='bbox 1098 2277 1170 2344; x_wconf 89' lang='lat' dir='ltr'>se</span> <span class='ocrx_word' id='word_1_126' title='bbox 1208 2317 1243 2333; x_wconf 87' lang='lat'>-</span> <span class='ocrx_word' id='word_1_127' title='bbox 1283 2290 1632 2367; x_wconf 81' lang='lat' dir='ltr'>gerentem</span> <span class='ocrx_word' id='word_1_128' title='bbox 1720 2279 1994 2364; x_wconf 73' lang='lat' dir='ltr'>occidit,</span> <span class='ocrx_word' id='word_1_129' title='bbox 2252 2288 2371 2359; x_wconf 76' lang='lat' dir='ltr'>sed</span> 
     </span>
     <span class='ocr_line' id='line_1_18' title="bbox 448 2394 2368 2491; baseline 0 -25"><span class='ocrx_word' id='word_1_130' title='bbox 448 2422 580 2491; x_wconf 89' lang='lat' dir='ltr'>pro</span> <span class='ocrx_word' id='word_1_131' title='bbox 657 2398 975 2465; x_wconf 80' lang='lat' dir='ltr'>Troianis</span> <span class='ocrx_word' id='word_1_132' title='bbox 1039 2411 1107 2463; x_wconf 91' lang='lat' dir='ltr'>et</span> <span class='ocrx_word' id='word_1_133' title='bbox 1172 2394 1560 2466; x_wconf 77' lang='lat' dir='ltr'>Troadibus</span> <span class='ocrx_word' id='word_1_134' title='bbox 1631 2397 2015 2487; x_wconf 83' lang='lat' dir='ltr'>profundos</span> <span class='ocrx_word' id='word_1_135' title='bbox 2055 2441 2089 2457; x_wconf 90' lang='lat'>-</span> <span class='ocrx_word' id='word_1_136' title='bbox 2122 2400 2296 2473; x_wconf 77' lang='lat' dir='ltr'>finus</span> <span class='ocrx_word' id='word_1_137' title='bbox 2331 2447 2368 2466; x_wconf 84' lang='lat'>-</span> 
     </span>
     <span class='ocr_line' id='line_1_19' title="bbox 448 2515 2410 2617; baseline 0.004 -34"><span class='ocrx_word' id='word_1_138' title='bbox 448 2517 852 2586; x_wconf 81' lang='lat' dir='ltr'>habentibus</span> <span class='ocrx_word' id='word_1_139' title='bbox 1088 2515 1407 2604; x_wconf 75' lang='lat' dir='ltr'>stantem,</span> <span class='ocrx_word' id='word_1_140' title='bbox 1454 2537 1680 2605; x_wconf 85' lang='lat' dir='ltr'>neque</span> <span class='ocrx_word' id='word_1_141' title='bbox 1720 2517 1923 2617; x_wconf 61' lang='lat' dir='ltr'>⁸flagae</span> <span class='ocrx_word' id='word_1_142' title='bbox 1965 2542 2361 2612; x_wconf 86' lang='lat' dir='ltr'>memorem,</span> <span class='ocrx_word' id='word_1_143' title='bbox 2401 2589 2410 2596; x_wconf 88' lang='grc'><strong>,</strong></span> 
     </span>
     <span class='ocr_line' id='line_1_20' title="bbox 448 2624 1894 2729; baseline -0.003 -25"><span class='ocrx_word' id='word_1_144' title='bbox 448 2656 677 2729; x_wconf 86' lang='lat' dir='ltr'>neque</span> <span class='ocrx_word' id='word_1_145' title='bbox 725 2624 1361 2726; x_wconf 83' lang='lat' dir='ltr'>tergiuersationis.“</span> <span class='ocrx_word' id='word_1_146' title='bbox 1890 2654 1894 2657; x_wconf 73' lang='grc'>’</span> 
     </span>
    </p>

    <p class='ocr_par' dir='ltr' id='par_1_3' title="bbox 443 2750 2368 3084">
     <span class='ocr_line' id='line_1_21' title="bbox 558 2750 2368 2841; baseline 0 -19"><span class='ocrx_word' id='word_1_147' title='bbox 558 2831 579 2841; x_wconf 53' lang='grc'><strong><em>,</em></strong></span> <span class='ocrx_word' id='word_1_148' title='bbox 610 2756 777 2822; x_wconf 88' lang='lat' dir='ltr'>Eam</span> <span class='ocrx_word' id='word_1_149' title='bbox 818 2778 977 2824; x_wconf 90' lang='lat' dir='ltr'>vero</span> <span class='ocrx_word' id='word_1_150' title='bbox 1016 2753 1238 2821; x_wconf 81' lang='lat' dir='ltr'>rursus</span> <span class='ocrx_word' id='word_1_151' title='bbox 1282 2751 1614 2818; x_wconf 79' lang='lat' dir='ltr'>allocutus</span> <span class='ocrx_word' id='word_1_152' title='bbox 1673 2750 1764 2822; x_wconf 86' lang='lat' dir='ltr'>est</span> <span class='ocrx_word' id='word_1_153' title='bbox 1817 2751 2014 2820; x_wconf 85' lang='lat' dir='ltr'>senex</span> <span class='ocrx_word' id='word_1_154' title='bbox 2061 2754 2368 2827; x_wconf 73' lang='lat' dir='ltr'>Priamus</span> 
     </span>
     <span class='ocr_line' id='line_1_22' title="bbox 452 2869 2359 2963; baseline 0.003 -23"><span class='ocrx_word' id='word_1_155' title='bbox 452 2872 581 2940; x_wconf 81' lang='lat' dir='ltr'>diis</span> <span class='ocrx_word' id='word_1_156' title='bbox 618 2915 652 2930; x_wconf 88' lang='lat'>-</span> <span class='ocrx_word' id='word_1_157' title='bbox 700 2873 979 2962; x_wconf 66' lang='lat' dir='ltr'>similis:⁴</span> <span class='ocrx_word' id='word_1_158' title='bbox 1213 2870 1380 2957; x_wconf 82' lang='lat' dir='ltr'>„Ne</span> <span class='ocrx_word' id='word_1_159' title='bbox 1436 2893 1548 2935; x_wconf 87' lang='lat' dir='ltr'>me</span> <span class='ocrx_word' id='word_1_160' title='bbox 1588 2869 1930 2938; x_wconf 83' lang='lat' dir='ltr'>volentem</span> <span class='ocrx_word' id='word_1_161' title='bbox 1974 2877 2076 2941; x_wconf 85' lang='lat' dir='ltr'>ire</span> <span class='ocrx_word' id='word_1_162' title='bbox 2116 2881 2359 2963; x_wconf 88' lang='lat' dir='ltr'>retine,</span> 
     </span>
     <span class='ocr_line' id='line_1_23' title="bbox 443 2987 2362 3084; baseline 0.002 -25"><span class='ocrx_word' id='word_1_163' title='bbox 443 3015 675 3083; x_wconf 89' lang='lat' dir='ltr'>neque</span> <span class='ocrx_word' id='word_1_164' title='bbox 734 2993 899 3058; x_wconf 84' lang='lat' dir='ltr'>mihi</span> <span class='ocrx_word' id='word_1_165' title='bbox 953 2987 1111 3084; x_wconf 82' lang='lat' dir='ltr'>ipsa</span> <span class='ocrx_word' id='word_1_166' title='bbox 1344 2992 1490 3055; x_wconf 75' lang='lat' dir='ltr'>‘auis</span> <span class='ocrx_word' id='word_1_167' title='bbox 1545 2993 1621 3057; x_wconf 92' lang='lat' dir='ltr'>in</span> <span class='ocrx_word' id='word_1_168' title='bbox 1684 2990 1961 3057; x_wconf 84' lang='lat' dir='ltr'>aedibus</span> <span class='ocrx_word' id='word_1_169' title='bbox 2024 2992 2193 3059; x_wconf 85' lang='lat' dir='ltr'>mala</span> <span class='ocrx_word' id='word_1_170' title='bbox 2247 2995 2362 3063; x_wconf 79' lang='lat' dir='ltr'>fis!</span> 
     </span>
    </p>

    <p class='ocr_par' dir='ltr' id='par_1_4' title="bbox 241 3108 2366 3435">
     <span class='ocr_line' id='line_1_24' title="bbox 278 3108 2366 3202; baseline 0.001 -25"><span class='ocrx_word' id='word_1_171' title='bbox 278 3129 408 3177; x_wconf 72' lang='lat'>220</span> <span class='ocrx_word' id='word_1_172' title='bbox 447 3135 673 3202; x_wconf 88' lang='lat' dir='ltr'>neque</span> <span class='ocrx_word' id='word_1_173' title='bbox 724 3115 905 3178; x_wconf 86' lang='lat' dir='ltr'>enim</span> <span class='ocrx_word' id='word_1_174' title='bbox 967 3109 1125 3176; x_wconf 90' lang='lat' dir='ltr'>mihi</span> <span class='ocrx_word' id='word_1_175' title='bbox 1171 3108 1621 3198; x_wconf 83' lang='lat' dir='ltr'>persuadebis.</span> <span class='ocrx_word' id='word_1_176' title='bbox 1875 3109 2054 3176; x_wconf 74' lang='lat' dir='ltr'>Nam</span> <span class='ocrx_word' id='word_1_177' title='bbox 2105 3111 2155 3179; x_wconf 85' lang='lat' dir='ltr'><strong>fi</strong></span> <span class='ocrx_word' id='word_1_178' title='bbox 2196 3113 2366 3180; x_wconf 80' lang='lat' dir='ltr'>alius</span> 
     </span>
     <span class='ocr_line' id='line_1_25' title="bbox 241 3205 2362 3319; baseline 0.004 -30"><span class='ocrx_word' id='word_1_179' title='bbox 241 3279 251 3289; x_wconf 90' lang='lat'><strong>.</strong></span> <span class='ocrx_word' id='word_1_180' title='bbox 364 3245 377 3250; x_wconf 76' lang='grc'><em>”</em></span> <span class='ocrx_word' id='word_1_181' title='bbox 450 3219 724 3317; x_wconf 77' lang='lat' dir='ltr'>quidem</span> <span class='ocrx_word' id='word_1_182' title='bbox 777 3254 886 3296; x_wconf 90' lang='lat' dir='ltr'>me</span> <span class='ocrx_word' id='word_1_183' title='bbox 943 3224 1182 3319; x_wconf 79' lang='lat' dir='ltr'>aliquis</span> <span class='ocrx_word' id='word_1_184' title='bbox 1239 3205 1645 3295; x_wconf 77' lang='lat' dir='ltr'>terrestrium</span> <span class='ocrx_word' id='word_1_185' title='bbox 1700 3228 1988 3313; x_wconf 82' lang='lat' dir='ltr'>iussiss&#39;et,</span> <span class='ocrx_word' id='word_1_186' title='bbox 2139 3235 2147 3242; x_wconf 81' lang='grc'><strong><em>’</em></strong></span> <span class='ocrx_word' id='word_1_187' title='bbox 2213 3221 2362 3297; x_wconf 63' lang='lat' dir='ltr'>&#39;seu</span> 
     </span>
     <span class='ocr_line' id='line_1_26' title="bbox 452 3327 2363 3435; baseline 0.002 -25"><span class='ocrx_word' id='word_1_188' title='bbox 452 3349 566 3434; x_wconf 89' lang='lat' dir='ltr'>qui</span> <span class='ocrx_word' id='word_1_189' title='bbox 614 3362 795 3412; x_wconf 84' lang='lat' dir='ltr'>vates</span> <span class='ocrx_word' id='word_1_190' title='bbox 836 3346 1025 3427; x_wconf 85' lang='lat' dir='ltr'>sunt,</span> <span class='ocrx_word' id='word_1_191' title='bbox 1072 3347 1363 3435; x_wconf 86' lang='lat' dir='ltr'>auspices</span> <span class='ocrx_word' id='word_1_192' title='bbox 1385 3350 1416 3428; x_wconf 85' lang='lat'>,‘</span> <span class='ocrx_word' id='word_1_193' title='bbox 1451 3345 1554 3413; x_wconf 83' lang='lat' dir='ltr'>vel</span> <span class='ocrx_word' id='word_1_194' title='bbox 1594 3347 1998 3428; x_wconf 76' lang='lat' dir='ltr'>sacerdotes,</span> <span class='ocrx_word' id='word_1_195' title='bbox 2129 3327 2134 3332; x_wconf 42' lang='grc'><strong><em>’</em></strong></span> <span class='ocrx_word' id='word_1_196' title='bbox 2172 3359 2363 3413; x_wconf 81' lang='lat' dir='ltr'>men·</span> 
     </span>
    </p>
   </div>
   <div class='ocr_carea' id='block_1_3' title="bbox 448 3452 2486 3556">
    <p class='ocr_par' dir='ltr' id='par_1_5' title="bbox 448 3452 2486 3556">
     <span class='ocr_line' id='line_1_27' title="bbox 448 3452 2486 3556; baseline 0.001 -27"><span class='ocrx_word' id='word_1_197' title='bbox 448 3461 716 3529; x_wconf 89' lang='lat' dir='ltr'>dacium</span> <span class='ocrx_word' id='word_1_198' title='bbox 781 3452 965 3530; x_wconf 73' lang='lat' dir='ltr'>certe</span> <span class='ocrx_word' id='word_1_199' title='bbox 1026 3464 1490 3546; x_wconf 81' lang='lat' dir='ltr'>crederemus,</span> <span class='ocrx_word' id='word_1_200' title='bbox 1576 3479 1644 3530; x_wconf 91' lang='lat' dir='ltr'>et</span> <span class='ocrx_word' id='word_1_201' title='bbox 1702 3460 2157 3530; x_wconf 76' lang='lat' dir='ltr'>auerseremur</span> <span class='ocrx_word' id='word_1_202' title='bbox 2220 3487 2363 3556; x_wconf 47' lang='lat' dir='ltr'>maf</span> <span class='ocrx_word' id='word_1_203' title='bbox 2465 3457 2486 3464; x_wconf 68' lang='grc'><em>“</em></span> 
     </span>
    </p>
   </div>
   <div class='ocr_carea' id='block_1_4' title="bbox 278 3581 2364 4148">
    <p class='ocr_par' dir='ltr' id='par_1_6' title="bbox 278 3581 2364 4148">
     <span class='ocr_line' id='line_1_28' title="bbox 428 3581 2364 3674; baseline 0.002 -26"><span class='ocrx_word' id='word_1_204' title='bbox 428 3585 591 3674; x_wconf 67' lang='lat' dir='ltr'>‘gine</span> <span class='ocrx_word' id='word_1_205' title='bbox 804 3606 993 3650; x_wconf 86' lang='lat' dir='ltr'>nunc</span> <span class='ocrx_word' id='word_1_206' title='bbox 1034 3605 1233 3669; x_wconf 77' lang='lat' dir='ltr'>vero,</span> <span class='ocrx_word' id='word_1_207' title='bbox 1289 3581 1465 3671; x_wconf 88' lang='lat' dir='ltr'>(ipse</span> <span class='ocrx_word' id='word_1_208' title='bbox 1514 3585 1692 3646; x_wconf 85' lang='lat' dir='ltr'>enirn</span> <span class='ocrx_word' id='word_1_209' title='bbox 1736 3581 2245 3662; x_wconf 68' lang='lat' dir='ltr'>audiui&#39;deum,</span> <span class='ocrx_word' id='word_1_210' title='bbox 2294 3601 2364 3652; x_wconf 89' lang='lat' dir='ltr'>et</span> 
     </span>
     <span class='ocr_line' id='line_1_29' title="bbox 446 3700 2355 3792; baseline 0.002 -23"><span class='ocrx_word' id='word_1_211' title='bbox 446 3700 716 3792; x_wconf 81' lang='lat' dir='ltr'>adspexi</span> <span class='ocrx_word' id='word_1_212' title='bbox 759 3702 1045 3792; x_wconf 85' lang='lat' dir='ltr'>coram‚)</span> <span class='ocrx_word' id='word_1_213' title='bbox 1299 3701 1458 3784; x_wconf 90' lang='lat' dir='ltr'>ibo,</span> <span class='ocrx_word' id='word_1_214' title='bbox 1521 3715 1589 3768; x_wconf 86' lang='lat' dir='ltr'>et</span> <span class='ocrx_word' id='word_1_215' title='bbox 1645 3723 1794 3767; x_wconf 89' lang='lat' dir='ltr'>non</span> <span class='ocrx_word' id='word_1_216' title='bbox 1850 3703 2078 3767; x_wconf 80' lang='lat' dir='ltr'>irritus</span> <span class='ocrx_word' id='word_1_217' title='bbox 2139 3701 2355 3772; x_wconf 84' lang='lat' dir='ltr'>sermo</span> 
     </span>
     <span class='ocr_line' id='line_1_30' title="bbox 278 3797 2362 3910; baseline 0 -23"><span class='ocrx_word' id='word_1_218' title='bbox 278 3823 407 3898; x_wconf 71' lang='lat'>225</span> <span class='ocrx_word' id='word_1_219' title='bbox 449 3824 597 3888; x_wconf 87' lang='lat' dir='ltr'>erit.</span> <span class='ocrx_word' id='word_1_220' title='bbox 683 3821 755 3887; x_wconf 87' lang='lat' dir='ltr'>Si</span> <span class='ocrx_word' id='word_1_221' title='bbox 796 3843 959 3887; x_wconf 83' lang='lat' dir='ltr'>vero</span> <span class='ocrx_word' id='word_1_222' title='bbox 998 3820 1162 3896; x_wconf 78' lang='lat' dir='ltr'>mihi</span> <span class='ocrx_word' id='word_1_223' title='bbox 1203 3797 1416 3887; x_wconf 81' lang='lat' dir='ltr'>fatum</span> <span class='ocrx_word' id='word_1_224' title='bbox 1452 3817 1547 3904; x_wconf 68' lang='lat' dir='ltr'>est</span> <span class='ocrx_word' id='word_1_225' title='bbox 1778 3823 1956 3886; x_wconf 88' lang='lat' dir='ltr'>mori</span> <span class='ocrx_word' id='word_1_226' title='bbox 2002 3820 2184 3910; x_wconf 89' lang='lat' dir='ltr'>apud</span> <span class='ocrx_word' id='word_1_227' title='bbox 2237 3844 2362 3887; x_wconf 82' lang='lat' dir='ltr'>na-</span> 
     </span>
     <span class='ocr_line' id='line_1_31' title="bbox 445 3937 2357 4020; baseline -0.002 -11"><span class='ocrx_word' id='word_1_228' title='bbox 445 3963 560 4010; x_wconf 81' lang='lat' dir='ltr'>ves</span> <span class='ocrx_word' id='word_1_229' title='bbox 637 3941 1056 4020; x_wconf 77' lang='lat' dir='ltr'>Achiuorum</span> <span class='ocrx_word' id='word_1_230' title='bbox 1143 3963 1296 4007; x_wconf 85' lang='lat' dir='ltr'>aere</span> <span class='ocrx_word' id='word_1_231' title='bbox 1349 3981 1383 3996; x_wconf 89' lang='lat'>-</span> <span class='ocrx_word' id='word_1_232' title='bbox 1441 3937 1915 4006; x_wconf 69' lang='lat' dir='ltr'>loricatorum:</span> <span class='ocrx_word' id='word_1_233' title='bbox 2171 3937 2357 4007; x_wconf 74' lang='lat' dir='ltr'>volo-</span> 
     </span>
     <span class='ocr_line' id='line_1_32' title="bbox 451 4055 2361 4148; baseline -0.002 -21"><span class='ocrx_word' id='word_1_234' title='bbox 451 4060 697 4128; x_wconf 80' lang='lat' dir='ltr'>Statim·</span> <span class='ocrx_word' id='word_1_235' title='bbox 722 4063 918 4131; x_wconf 68' lang='lat' dir='ltr'>‘enim</span> <span class='ocrx_word' id='word_1_236' title='bbox 977 4082 1086 4128; x_wconf 83' lang='lat' dir='ltr'>me</span> <span class='ocrx_word' id='word_1_237' title='bbox 1144 4057 1562 4126; x_wconf 80' lang='lat' dir='ltr'>interfecerit</span> <span class='ocrx_word' id='word_1_238' title='bbox 1613 4057 1993 4148; x_wconf 46' lang='lat' dir='ltr'>Achilleffig</span> <span class='ocrx_word' id='word_1_239' title='bbox 2187 4055 2361 4125; x_wconf 64' lang='lat' dir='ltr'>vinis</span> 
     </span>
    </p>
   </div>
   <div class='ocr_carea' id='block_1_5' title="bbox 866 4175 1617 4326">
    <p class='ocr_par' dir='ltr' id='par_1_7' title="bbox 866 4175 1617 4326">
     <span class='ocr_line' id='line_1_33' title="bbox 1362 4175 1582 4267; baseline 0 -22"><span class='ocrx_word' id='word_1_240' title='bbox 1362 4175 1582 4267; x_wconf 70' lang='lat' dir='ltr'>Ppa</span> 
     </span>
     <span class='ocr_line' id='line_1_34' title="bbox 866 4269 1617 4326; baseline 0.008 -6"><span class='ocrx_word' id='word_1_241' title='bbox 866 4269 909 4320; x_wconf 65' lang='grc' dir='ltr'>ἱ</span> <span class='ocrx_word' id='word_1_242' title='bbox 1608 4319 1617 4326; x_wconf 91' lang='grc'><strong>.</strong></span> 
     </span>
    </p>
   </div>
  </div>
 </body>
</html>
