2834 4900
425 234 700 300 mm
793 217 945 292 111.
1014 210 1171 288 DE
1228 210 1813 345 amiotus,
1890 216 2353 297 Laxans
2421 282 2426 288 .

426 444 539 492 nu
604 411 844 503 Marci
922 400 1127 479 Guil.
1202 401 1512 479 Miilleri
1532 398 1564 493 ,‘
1647 402 2023 497 Gymnafii
2095 406 2518 485 Altonenffi,

428 532 945 618 subrectoris,
999 520 1391 599 doctrinae
1431 547 1653 623 meae
1707 525 1993 601 alumni
2060 525 2517 618 desideratis-

382 648 387 652 ’
425 656 630 746 fimi3
676 658 1076 727 immatura
1117 650 1322 720 enim
1384 662 1636 719 morte
1681 643 1876 720 obiit
1925 675 1992 721 a.
2038 651 2403 726 LXXXV.
2451 654 2515 726 is
2659 722 2664 727 ,
2793 686 2802 691 ·

425 780 776 854 notitiam
808 856 815 867 ι
843 767 1325 871 scholiorum
1384 763 1626 856 dedit,
1709 762 1791 840 et
1859 762 2234 869 specimei'i
2309 771 2515 846 aliud

425 899 760 999 vulgauit
817 916 912 968 ex
963 887 1247 985 Jliados
1304 884 1500 959 libro
1561 889 1653 960 ΙΙ.
1716 887 1904 963 inde
1962 915 2006 962 a
2066 889 2158 964 vs.
2218 902 2370 990 494
2411 892 2518 996 sq.

425 1026 525 1095 in·
550 1020 773 1093 Noua
821 1009 1294 1086 Bibliotheca
1341 1006 1823 1108 philologica
1869 1028 1948 1085 et
2005 1015 2265 1088 critica
2328 1016 2517 1089 Got..

365 1190 368 1193 ,
427 1146 613 1240 ting.
684 1135 900 1235 2783.
954 1130 1127 1209 Vol.
1186 1133 1244 1202 Ι.
1300 1127 1544 1204 fascic.
1590 1133 1682 1202 Π.
1744 1131 2186 1208 Premebam
2231 1132 2518 1209 defide·
2586 1143 2590 1148 ’

425 1259 626 1336 rium
682 1250 1317 1354 inspiciendorum
1377 1249 1857 1326 Scholiorum
1912 1257 1995 1326 in
2040 1254 2375 1356 reliquos
2427 1248 2518 1329 11-ss

425 1382 647 1473 bros;
749 1373 877 1451 etsi
933 1377 1158 1449 amici
1226 1389 1510 1463 erant,·
1553 1397 1882 1473 quorum
1940 1370 2378 1451 facilitatem
2438 1396 2517 1452 et

424 1519 806 1607 promtam
847 1494 1317 1570 voluntatem
1353 1490 1813 1595 perspectam
1859 1494 2258 1569 habebam.
2316 1496 2513 1571 Cum
2557 1472 2565 1481 ⁹

360 1637 365 1642 ’
424 1642 686 1697 autem
728 1616 826 1690 ad
867 1614 1156 1715 calcem
1204 1636 1485 1717 operae
1520 1639 1739 1689 meae
1778 1613 2297 1715 perueniss'em,
2340 1643 2512 1718 pre·
2543 1692 2564 1705 ,

426 1742 641 1821 cibus
707 1743 895 1813 meis
950 1734 1227 1810 obtulit
1282 1734 1630 1810 codicem
1695 1735 2336 1837 Hamburgensem
2403 1745 2512 1812 vit

428 1868 762 1967 optimus
826 1876 905 1932 et
969 1854 1477 1944 amidissimus,
1578 1846 1933 1958 Ebeling3
2036 1882 2185 1938 nec
2264 1859 2513 1933 detre-

416 1982 823 2063 ‘ctauihoc
870 2002 1148 2080 operae
1192 2002 1409 2051 meae
1453 1981 1902 2069 auctarium,
1955 1999 2033 2051 vt
2075 1983 2367 2078 potiora
2414 2005 2511 2054 ex

425 2134 525 2185 eo
571 2117 1009 2202 comparato
1050 2125 1196 2172 vna
1234 2125 1412 2173 cum
1455 2098 1775 2172 Scholiis
1830 2102 2282 2174 Victorianis
2322 2100 2509 2176 inse-

423 2250 677 2301 rerem
733 2218 1321 2325 supplementis,
1401 2243 1599 2320 quae
1650 2216 1947 2321 singulis
2004 2219 2510 2301 voluminibus

421 2347 767 2423 adiectae
814 2340 1004 2414 sunt.

626 2484 922 2554 Potitus
966 2482 1259 2550 interea
1303 2499 1507 2548 eram
1548 2474 1690 2549 alia
1742 2497 1837 2548 ex
1893 2496 2108 2575 parte
2170 2482 2504 2557 Scholiis

420 2593 1001 2701 Moscuenfibus
1046 2599 1129 2667 in
1173 2595 1674 2694 Fragmencis
1727 2593 2094 2671 librorum
2147 2613 2251 2681 M.
2297 2617 2381 2687 Ο.
2431 2619 2501 2688 P.

420 2736 503 2807 Σ,
541 2734 624 2803 T,
682 2742 881 2820 quae
948 2717 1383 2815 comparaui
1436 2709 1862 2815 diligenter,
1937 2744 2113 2793 cum
2166 2722 2503 2800 viderem

423 2841 573 2921 ess'e
612 2846 810 2915 inter
844 2834 1161 2910 meliora
1201 2832 1627 2930 referenda3
1695 2833 1861 2909 sunt
1918 2862 2008 2912 ea
2064 2867 2159 2915 ex
2223 2845 2500 2922 eodem

392 2964 638 3042 -fonte
676 2959 1050 3049 deriuata,
1111 2980 1156 3030 e
1216 2980 1369 3055 quo
1432 2955 1718 3030 fluxere
1760 2956 2063 3050 Scholia
2104 2982 2355 3038 cetera
2397 2965 2499 3039 se-

422 3083 655 3163 cundi
700 3077 1005 3154 ordinis.
1132 3076 1426 3150 Horum
1475 3082 1785 3176 gratiam
1826 3078 2000 3181 Chr.
2065 3083 2261 3158 Frid.
2304 3077 2499 3161 Mat·

416 3206 657 3295 thaei,
708 3196 911 3274 Prof.
954 3195 1404 3297 Witteberg.
1456 3196 2100 3290 deberi,rnarraui
2157 3206 2238 3277 in
2294 3206 2494 3280 Sect.

413 3329 542 3403 IV‘.
597 3324 700 3398 de
752 3321 976 3393 Edit.
1034 3315 1351 3414 nostrae
1410 3317 1802 3415 Subfidiis.
1906 3321 2214 3399 Scholia
2278 3329 2358 3397 in
2422 3330 2498 3400 Τ

267 3527 279 3542 ‚
413 3445 601 3546 (lib,
652 3413 871 3534 XIX)
910 3435 1064 3540 ipse
1103 3442 1215 3511 vir
1273 3436 1559 3513 doctiss'.
1617 3441 2050 3541 vulgauerat
2101 3433 2495 3545 Program-

413 3561 737 3641 matibus
791 3565 847 3635 1.
907 3562 1001 3632 11.
1060 3561 1180 3632 111.
1236 3557 1563 3634 Misenae
1623 3558 1903 3662 scriptis
1970 3590 2041 3637 a.
2122 3568 2339 3661 1736.
2399 3570 2494 3641 In

413 3691 614 3765 Sect.
650 3715 675 3732 ν
705 3683 831 3759 IV.
913 3677 1149 3752 modo
1239 3700 1656 3755 memorata
1738 3681 2198 3758 declaratum
2266 3684 2491 3779 dedi,

410 3807 831 3908 fragmenta
873 3799 1072 3876 'haec
1119 3800 1597 3876 Scholiorum
1652 3802 2277 3878 Moscouienfium
2332 3802 2492 3905 spe-

411 3947 618 4007 ctare
659 3923 758 3997 ad
806 3920 1171 3996 Codicem
1218 3918 1732 3998 Moscuenrem
1780 3922 1869 4006 b,
1914 3928 2124 4000 cuius
2169 3932 2487 4003 omnino

402 4044 806 4153 particulas
864 4042 994 4115 illa
1046 4039 1494 4118 constituiss'e
1544 4044 1930 4138 videntur,
1995 4073 2174 4121 nam
2209 4067 2288 4121 et
2339 4047 2488 4126 illis

407 4166 637 4249 ineffe
691 4182 1087 4243 narrantur
1153 4162 1493 4261 Scholia,
1570 4166 1962 4268 Porphyrii
2030 4188 2111 4244 et
2166 4166 2484 4245 aliorum
